<?xml version="1.0" encoding="UTF-8"?>
<!DOCTYPE html PUBLIC "-//W3C//DTD XHTML 1.0 Transitional//EN"
    "http://www.w3.org/TR/xhtml1/DTD/xhtml1-transitional.dtd">
<html xmlns="http://www.w3.org/1999/xhtml" xml:lang="en" lang="en">
 <head>
  <title>
</title>
<meta http-equiv="Content-Type" content="text/html;charset=utf-8" />
  <meta name='ocr-system' content='tesseract 3.04.00' />
  <meta name='ocr-capabilities' content='ocr_page ocr_carea ocr_par ocr_line ocrx_word'/>
</head>
<body>
  <div class='ocr_page' id='page_1' title='image "./desermoneinaper00jattgoog_0018.png"; bbox 0 0 4712 5754; ppageno 0'>
   <div class='ocr_carea' id='block_1_1' title="bbox 1145 149 1221 216">
    <p class='ocr_par' dir='ltr' id='par_1_1' title="bbox 1145 149 1221 216">
     <span class='ocr_line' id='line_1_1' title="bbox 1145 149 1221 216; baseline 0 0"><span class='ocrx_word' id='word_1_1' title='bbox 1145 149 1221 216; x_wconf 87' lang='lat' dir='ltr'>XII</span> 
     </span>
    </p>
   </div>
   <div class='ocr_carea' id='block_1_2' title="bbox 120 347 2151 4986">
    <p class='ocr_par' dir='ltr' id='par_1_2' title="bbox 120 347 2148 1158">
     <span class='ocr_line' id='line_1_2' title="bbox 212 347 2146 436; baseline 0 -21"><span class='ocrx_word' id='word_1_2' title='bbox 212 349 263 416; x_wconf 92' lang='lat' dir='ltr'>cui</span> <span class='ocrx_word' id='word_1_3' title='bbox 285 369 390 418; x_wconf 90' lang='lat' dir='ltr'>mores</span> <span class='ocrx_word' id='word_1_4' title='bbox 412 349 639 433; x_wconf 87' lang='lat' dir='ltr'>discipulorum</span> <span class='ocrx_word' id='word_1_5' title='bbox 660 351 879 419; x_wconf 87' lang='lat' dir='ltr'>contbrmaudi</span> <span class='ocrx_word' id='word_1_6' title='bbox 903 357 999 434; x_wconf 91' lang='lat' dir='ltr'>atque</span> <span class='ocrx_word' id='word_1_7' title='bbox 1020 353 1185 420; x_wconf 85' lang='lat' dir='ltr'>excolendi</span> <span class='ocrx_word' id='word_1_8' title='bbox 1209 358 1293 419; x_wconf 89' lang='lat' dir='ltr'>sunt.</span> <span class='ocrx_word' id='word_1_9' title='bbox 1309 389 1351 400; x_wconf 89' lang='lat'><em>-</em></span> <span class='ocrx_word' id='word_1_10' title='bbox 1366 353 1439 420; x_wconf 90' lang='lat' dir='ltr'>Iuv.</span> <span class='ocrx_word' id='word_1_11' title='bbox 1455 351 1546 422; x_wconf 87' lang='lat' dir='ltr'>VIII</span> <span class='ocrx_word' id='word_1_12' title='bbox 1567 358 1642 418; x_wconf 79' lang='lat'>195:</span> <span class='ocrx_word' id='word_1_13' title='bbox 1666 351 1865 436; x_wconf 85' lang='lat' dir='ltr'>„lingere“</span> <span class='ocrx_word' id='word_1_14' title='bbox 1888 370 1945 432; x_wconf 90' lang='lat' dir='ltr'>pro</span> <span class='ocrx_word' id='word_1_15' title='bbox 1969 347 2146 433; x_wconf 85' lang='lat' dir='ltr'>‚,opinari“;</span> 
     </span>
     <span class='ocr_line' id='line_1_3' title="bbox 212 453 2148 540; baseline -0.001 -21"><span class='ocrx_word' id='word_1_16' title='bbox 212 471 282 520; x_wconf 91' lang='lat' dir='ltr'>nos:</span> <span class='ocrx_word' id='word_1_17' title='bbox 307 453 389 538; x_wconf 72' lang='lat' dir='ltr'>„obl</span> <span class='ocrx_word' id='word_1_18' title='bbox 411 453 588 522; x_wconf 47' lang='lat' dir='ltr'>anaidem</span> <span class='ocrx_word' id='word_1_19' title='bbox 603 493 647 504; x_wconf 89' lang='lat'>-</span> <span class='ocrx_word' id='word_1_20' title='bbox 661 456 694 522; x_wconf 90' lang='lat' dir='ltr'>A</span> <span class='ocrx_word' id='word_1_21' title='bbox 717 455 878 540; x_wconf 73' lang='lat' dir='ltr'>fictilibus</span> <span class='ocrx_word' id='word_1_22' title='bbox 901 474 983 537; x_wconf 81' lang='lat' dir='ltr'>utrae</span> <span class='ocrx_word' id='word_1_23' title='bbox 1005 476 1068 523; x_wconf 93' lang='lat' dir='ltr'>non</span> <span class='ocrx_word' id='word_1_24' title='bbox 1089 458 1170 523; x_wconf 94' lang='lat' dir='ltr'>bene</span> <span class='ocrx_word' id='word_1_25' title='bbox 1192 463 1284 522; x_wconf 86' lang='lat' dir='ltr'>cocta</span> <span class='ocrx_word' id='word_1_26' title='bbox 1305 455 1460 538; x_wconf 89' lang='lat' dir='ltr'>liquorem</span> <span class='ocrx_word' id='word_1_27' title='bbox 1483 455 1647 522; x_wconf 85' lang='lat' dir='ltr'>continere</span> <span class='ocrx_word' id='word_1_28' title='bbox 1669 473 1732 522; x_wconf 93' lang='lat' dir='ltr'>nou</span> <span class='ocrx_word' id='word_1_29' title='bbox 1754 459 1898 538; x_wconf 79' lang='lat' dir='ltr'><strong>possunt,</strong></span> <span class='ocrx_word' id='word_1_30' title='bbox 1921 455 1978 520; x_wconf 91' lang='lat' dir='ltr'>sed</span> <span class='ocrx_word' id='word_1_31' title='bbox 1996 453 2148 520; x_wconf 89' lang='lat' dir='ltr'>emittunt</span> 
     </span>
     <span class='ocr_line' id='line_1_4' title="bbox 213 556 2147 644; baseline -0.001 -21"><span class='ocrx_word' id='word_1_32' title='bbox 213 557 321 638; x_wconf 85' lang='lat' dir='ltr'>itaque</span> <span class='ocrx_word' id='word_1_33' title='bbox 342 556 471 624; x_wconf 88' lang='lat' dir='ltr'>inutilia</span> <span class='ocrx_word' id='word_1_34' title='bbox 486 565 570 642; x_wconf 87' lang='lat' dir='ltr'>sunt,</span> <span class='ocrx_word' id='word_1_35' title='bbox 594 564 721 641; x_wconf 89' lang='lat' dir='ltr'>sumpta</span> <span class='ocrx_word' id='word_1_36' title='bbox 743 566 794 625; x_wconf 91' lang='lat' dir='ltr'>est</span> <span class='ocrx_word' id='word_1_37' title='bbox 814 558 986 626; x_wconf 78' lang='lat' dir='ltr'><strong>translatio</strong></span> <span class='ocrx_word' id='word_1_38' title='bbox 1007 558 1097 627; x_wconf 87' lang='lat' dir='ltr'>verbi</span> <span class='ocrx_word' id='word_1_39' title='bbox 1121 559 1332 644; x_wconf 84' lang='lat' dir='ltr'>„efiluere“</span> <span class='ocrx_word' id='word_1_40' title='bbox 1356 559 1461 644; x_wconf 86' lang='lat' dir='ltr'>(Pers.</span> <span class='ocrx_word' id='word_1_41' title='bbox 1476 559 1533 624; x_wconf 92' lang='lat' dir='ltr'>lII</span> <span class='ocrx_word' id='word_1_42' title='bbox 1554 559 1618 642; x_wconf 86' lang='grc'>20),</span> <span class='ocrx_word' id='word_1_43' title='bbox 1640 559 1725 640; x_wconf 90' lang='lat' dir='ltr'>qnod</span> <span class='ocrx_word' id='word_1_44' title='bbox 1748 559 1787 624; x_wconf 79' lang='lat' dir='ltr'>tle</span> <span class='ocrx_word' id='word_1_45' title='bbox 1809 557 1935 624; x_wconf 90' lang='lat' dir='ltr'>homine</span> <span class='ocrx_word' id='word_1_46' title='bbox 1958 561 2147 639; x_wconf 89' lang='lat' dir='ltr'>usurpatum</span> 
     </span>
     <span class='ocr_line' id='line_1_5' title="bbox 213 658 2148 746; baseline 0 -20"><span class='ocrx_word' id='word_1_47' title='bbox 213 666 264 727; x_wconf 91' lang='lat' dir='ltr'>est</span> <span class='ocrx_word' id='word_1_48' title='bbox 285 680 342 743; x_wconf 93' lang='lat' dir='ltr'>pro</span> <span class='ocrx_word' id='word_1_49' title='bbox 365 659 509 745; x_wconf 87' lang='lat' dir='ltr'>„desidia</span> <span class='ocrx_word' id='word_1_50' title='bbox 522 661 618 746; x_wconf 79' lang='lat' dir='ltr'>labi‘,</span> <span class='ocrx_word' id='word_1_51' title='bbox 641 662 760 746; x_wconf 85' lang='lat' dir='ltr'>„vitam</span> <span class='ocrx_word' id='word_1_52' title='bbox 781 663 897 746; x_wconf 90' lang='lat' dir='ltr'>degere</span> <span class='ocrx_word' id='word_1_53' title='bbox 915 663 1092 730; x_wconf 85' lang='lat' dir='ltr'>inutilern“.</span> <span class='ocrx_word' id='word_1_54' title='bbox 1109 699 1150 712; x_wconf 93' lang='lat'><em>-</em></span> <span class='ocrx_word' id='word_1_55' title='bbox 1165 665 1199 730; x_wconf 93' lang='lat' dir='ltr'>A</span> <span class='ocrx_word' id='word_1_56' title='bbox 1218 663 1379 746; x_wconf 89' lang='lat' dir='ltr'>fictihbus,</span> <span class='ocrx_word' id='word_1_57' title='bbox 1399 681 1480 744; x_wconf 89' lang='lat' dir='ltr'>quae</span> <span class='ocrx_word' id='word_1_58' title='bbox 1500 663 1542 728; x_wconf 89' lang='lat' dir='ltr'>ab</span> <span class='ocrx_word' id='word_1_59' title='bbox 1562 661 1749 746; x_wconf 85' lang='lat' dir='ltr'><strong>ementibus,</strong></span> <span class='ocrx_word' id='word_1_60' title='bbox 1773 669 1809 728; x_wconf 93' lang='grc' dir='ltr'>ιιι</span> <span class='ocrx_word' id='word_1_61' title='bbox 1829 661 1970 744; x_wconf 86' lang='lat' dir='ltr'>videant,</span> <span class='ocrx_word' id='word_1_62' title='bbox 1994 679 2069 725; x_wconf 91' lang='lat' dir='ltr'>num</span> <span class='ocrx_word' id='word_1_63' title='bbox 2091 658 2148 726; x_wconf 86' lang='lat' dir='ltr'>illa</span> 
     </span>
     <span class='ocr_line' id='line_1_6' title="bbox 212 763 2146 852; baseline -0.001 -22"><span class='ocrx_word' id='word_1_64' title='bbox 212 765 293 830; x_wconf 89' lang='lat' dir='ltr'>bene</span> <span class='ocrx_word' id='word_1_65' title='bbox 315 771 406 831; x_wconf 90' lang='lat' dir='ltr'>cocta</span> <span class='ocrx_word' id='word_1_66' title='bbox 427 771 523 846; x_wconf 85' lang='lat' dir='ltr'>atque</span> <span class='ocrx_word' id='word_1_67' title='bbox 544 764 715 832; x_wconf 84' lang='lat' dir='ltr'>incolumia</span> <span class='ocrx_word' id='word_1_68' title='bbox 737 764 812 850; x_wconf 82' lang='lat' dir='ltr'>siut,</span> <span class='ocrx_word' id='word_1_69' title='bbox 835 765 990 848; x_wconf 89' lang='lat' dir='ltr'>pulsando</span> <span class='ocrx_word' id='word_1_70' title='bbox 1016 766 1249 852; x_wconf 75' lang='lat' dir='ltr'>examinantur,</span> <span class='ocrx_word' id='word_1_71' title='bbox 1271 767 1459 848; x_wconf 86' lang='lat' dir='ltr'>depromptu</span> <span class='ocrx_word' id='word_1_72' title='bbox 1480 771 1531 832; x_wconf 85' lang='lat' dir='ltr'>est</span> <span class='ocrx_word' id='word_1_73' title='bbox 1553 764 1725 832; x_wconf 74' lang='lat' dir='ltr'>translatio</span> <span class='ocrx_word' id='word_1_74' title='bbox 1747 764 1839 832; x_wconf 88' lang='lat' dir='ltr'>verbi</span> <span class='ocrx_word' id='word_1_75' title='bbox 1862 763 2064 848; x_wconf 64' lang='lat' dir='ltr'>„pulsarer</span> <span class='ocrx_word' id='word_1_76' title='bbox 2089 782 2146 844; x_wconf 91' lang='lat' dir='ltr'>pro</span> 
     </span>
     <span class='ocr_line' id='line_1_7' title="bbox 213 867 2146 955; baseline -0.001 -23"><span class='ocrx_word' id='word_1_77' title='bbox 213 867 435 951; x_wconf 86' lang='lat' dir='ltr'>„examiuare“</span> <span class='ocrx_word' id='word_1_78' title='bbox 459 869 563 954; x_wconf 89' lang='lat' dir='ltr'>(Pers.</span> <span class='ocrx_word' id='word_1_79' title='bbox 587 867 618 938; x_wconf 92' lang='lat' dir='ltr'>V</span> <span class='ocrx_word' id='word_1_80' title='bbox 642 871 707 954; x_wconf 86' lang='grc'>24).</span> <span class='ocrx_word' id='word_1_81' title='bbox 752 869 877 935; x_wconf 84' lang='lat' dir='ltr'>Eadem</span> <span class='ocrx_word' id='word_1_82' title='bbox 899 869 1111 937; x_wconf 87' lang='lat' dir='ltr'>translatione</span> <span class='ocrx_word' id='word_1_83' title='bbox 1133 876 1277 936; x_wconf 88' lang='lat' dir='ltr'>nostrum</span> <span class='ocrx_word' id='word_1_84' title='bbox 1301 869 1499 955; x_wconf 81' lang='lat' dir='ltr'>„anllopfen“</span> <span class='ocrx_word' id='word_1_85' title='bbox 1526 867 1676 950; x_wconf 88' lang='lat' dir='ltr'>usurpari</span> <span class='ocrx_word' id='word_1_86' title='bbox 1698 875 1815 950; x_wconf 87' lang='lat' dir='ltr'>potest.</span> <span class='ocrx_word' id='word_1_87' title='bbox 1831 905 1873 915; x_wconf 91' lang='lat'><em>-</em></span> <span class='ocrx_word' id='word_1_88' title='bbox 1888 869 1961 935; x_wconf 91' lang='lat' dir='ltr'>Iuv.</span> <span class='ocrx_word' id='word_1_89' title='bbox 1984 867 2054 936; x_wconf 89' lang='lat' dir='ltr'>XV</span> <span class='ocrx_word' id='word_1_90' title='bbox 2071 873 2146 933; x_wconf 82' lang='lat'>128:</span> 
     </span>
     <span class='ocr_line' id='line_1_8' title="bbox 120 970 2147 1058; baseline 0.003 -28"><span class='ocrx_word' id='word_1_91' title='bbox 120 1027 122 1030; x_wconf 83' lang='lat'>.</span> <span class='ocrx_word' id='word_1_92' title='bbox 213 971 450 1036; x_wconf 88' lang='lat' dir='ltr'>substantivum</span> <span class='ocrx_word' id='word_1_93' title='bbox 474 971 626 1056; x_wconf 87' lang='lat' dir='ltr'>„testa“</span> <span class='ocrx_word' id='word_1_94' title='bbox 654 972 865 1040; x_wconf 88' lang='lat' dir='ltr'>translatione</span> <span class='ocrx_word' id='word_1_95' title='bbox 892 973 1040 1040; x_wconf 89' lang='lat' dir='ltr'>aculeata</span> <span class='ocrx_word' id='word_1_96' title='bbox 1066 973 1203 1055; x_wconf 88' lang='lat' dir='ltr'>positum</span> <span class='ocrx_word' id='word_1_97' title='bbox 1230 981 1281 1040; x_wconf 90' lang='lat' dir='ltr'>est</span> <span class='ocrx_word' id='word_1_98' title='bbox 1303 973 1345 1040; x_wconf 87' lang='lat' dir='ltr'>ad</span> <span class='ocrx_word' id='word_1_99' title='bbox 1371 972 1567 1055; x_wconf 84' lang='lat' dir='ltr'>navigiolum</span> <span class='ocrx_word' id='word_1_100' title='bbox 1595 971 1882 1058; x_wconf 77' lang='lat' dir='ltr'>significandunr*).</span> <span class='ocrx_word' id='word_1_101' title='bbox 1930 970 2001 1055; x_wconf 80' lang='lat' dir='ltr'>Quo</span> <span class='ocrx_word' id='word_1_102' title='bbox 2028 971 2062 1036; x_wconf 90' lang='lat' dir='ltr'>in</span> <span class='ocrx_word' id='word_1_103' title='bbox 2088 988 2147 1036; x_wconf 87' lang='lat' dir='ltr'>usu</span> 
     </span>
     <span class='ocr_line' id='line_1_9' title="bbox 212 1073 1901 1158; baseline 0.001 -19"><span class='ocrx_word' id='word_1_104' title='bbox 212 1080 363 1140; x_wconf 86' lang='lat' dir='ltr'>versatur</span> <span class='ocrx_word' id='word_1_105' title='bbox 385 1075 469 1156; x_wconf 91' lang='lat' dir='ltr'>apud</span> <span class='ocrx_word' id='word_1_106' title='bbox 490 1093 550 1142; x_wconf 94' lang='lat' dir='ltr'>uos</span> <span class='ocrx_word' id='word_1_107' title='bbox 571 1074 808 1142; x_wconf 87' lang='lat' dir='ltr'>substantivum</span> <span class='ocrx_word' id='word_1_108' title='bbox 831 1073 1065 1158; x_wconf 50' lang='lat' dir='ltr'>„Naesulale‘R</span> <span class='ocrx_word' id='word_1_109' title='bbox 1086 1113 1130 1124; x_wconf 89' lang='lat'>-</span> <span class='ocrx_word' id='word_1_110' title='bbox 1899 1111 1901 1114; x_wconf 95' lang='lat'>·</span> 
     </span>
    </p>

    <p class='ocr_par' dir='ltr' id='par_1_3' title="bbox 213 1177 2148 1368">
     <span class='ocr_line' id='line_1_10' title="bbox 365 1177 2148 1264; baseline 0.001 -21"><span class='ocrx_word' id='word_1_111' title='bbox 365 1177 590 1244; x_wconf 76' lang='lat' dir='ltr'>Translatiouc</span> <span class='ocrx_word' id='word_1_112' title='bbox 612 1201 632 1248; x_wconf 89' lang='lat' dir='ltr'>a</span> <span class='ocrx_word' id='word_1_113' title='bbox 653 1181 850 1264; x_wconf 89' lang='lat' dir='ltr'>plstoribus</span> <span class='ocrx_word' id='word_1_114' title='bbox 873 1178 1060 1261; x_wconf 90' lang='lat' dir='ltr'>deprompta</span> <span class='ocrx_word' id='word_1_115' title='bbox 1080 1179 1114 1244; x_wconf 91' lang='lat' dir='ltr'>in</span> <span class='ocrx_word' id='word_1_116' title='bbox 1136 1181 1228 1246; x_wconf 89' lang='lat' dir='ltr'>Pers.</span> <span class='ocrx_word' id='word_1_117' title='bbox 1256 1199 1281 1246; x_wconf 91' lang='lat' dir='ltr'>s.</span> <span class='ocrx_word' id='word_1_118' title='bbox 1304 1178 1356 1248; x_wconf 88' lang='lat' dir='ltr'>VI</span> <span class='ocrx_word' id='word_1_119' title='bbox 1383 1185 1423 1245; x_wconf 83' lang='lat'>25</span> <span class='ocrx_word' id='word_1_120' title='bbox 1447 1178 1657 1263; x_wconf 86' lang='lat' dir='ltr'>„granaria</span> <span class='ocrx_word' id='word_1_121' title='bbox 1678 1179 1821 1245; x_wconf 90' lang='lat' dir='ltr'>emole“</span> <span class='ocrx_word' id='word_1_122' title='bbox 1854 1178 1975 1244; x_wconf 85' lang='lat' dir='ltr'>dictum</span> <span class='ocrx_word' id='word_1_123' title='bbox 2007 1185 2058 1244; x_wconf 90' lang='lat' dir='ltr'>est</span> <span class='ocrx_word' id='word_1_124' title='bbox 2090 1195 2148 1259; x_wconf 90' lang='lat' dir='ltr'>pro</span> 
     </span>
     <span class='ocr_line' id='line_1_11' title="bbox 213 1279 2147 1368; baseline 0.002 -24"><span class='ocrx_word' id='word_1_125' title='bbox 213 1298 324 1364; x_wconf 92' lang='lat' dir='ltr'>„omue</span> <span class='ocrx_word' id='word_1_126' title='bbox 346 1279 540 1347; x_wconf 89' lang='lat' dir='ltr'>frumentum</span> <span class='ocrx_word' id='word_1_127' title='bbox 563 1281 740 1348; x_wconf 90' lang='lat' dir='ltr'>cousume“.</span> <span class='ocrx_word' id='word_1_128' title='bbox 756 1319 798 1330; x_wconf 93' lang='lat'>-·</span> <span class='ocrx_word' id='word_1_129' title='bbox 813 1282 885 1348; x_wconf 87' lang='lat' dir='ltr'>Iuv.</span> <span class='ocrx_word' id='word_1_130' title='bbox 902 1282 933 1346; x_wconf 91' lang='lat' dir='ltr'>V</span> <span class='ocrx_word' id='word_1_131' title='bbox 952 1288 1012 1349; x_wconf 87' lang='lat'>168</span> <span class='ocrx_word' id='word_1_132' title='bbox 1035 1289 1069 1349; x_wconf 90' lang='lat' dir='ltr'>et</span> <span class='ocrx_word' id='word_1_133' title='bbox 1091 1283 1185 1349; x_wconf 88' lang='lat' dir='ltr'>XIII</span> <span class='ocrx_word' id='word_1_134' title='bbox 1208 1289 1284 1350; x_wconf 75' lang='grc' dir='ltr'>212ε</span> <span class='ocrx_word' id='word_1_135' title='bbox 1308 1281 1510 1368; x_wconf 87' lang='lat' dir='ltr'>„molaris“</span> <span class='ocrx_word' id='word_1_136' title='bbox 1532 1281 1566 1348; x_wconf 92' lang='lat' dir='ltr'>iu</span> <span class='ocrx_word' id='word_1_137' title='bbox 1588 1301 1648 1350; x_wconf 93' lang='lat' dir='ltr'>usu</span> <span class='ocrx_word' id='word_1_138' title='bbox 1670 1290 1722 1349; x_wconf 85' lang='lat' dir='ltr'>est</span> <span class='ocrx_word' id='word_1_139' title='bbox 1736 1302 1795 1365; x_wconf 91' lang='lat' dir='ltr'>pro</span> <span class='ocrx_word' id='word_1_140' title='bbox 1810 1283 1905 1348; x_wconf 90' lang='lat' dir='ltr'>deute</span> <span class='ocrx_word' id='word_1_141' title='bbox 1920 1280 2090 1348; x_wconf 84' lang='lat' dir='ltr'>maxillari.</span> <span class='ocrx_word' id='word_1_142' title='bbox 2105 1317 2147 1328; x_wconf 92' lang='lat'><em>-</em></span> 
     </span>
    </p>

    <p class='ocr_par' dir='ltr' id='par_1_4' title="bbox 212 1383 2149 1781">
     <span class='ocr_line' id='line_1_12' title="bbox 364 1383 2149 1471; baseline 0 -21"><span class='ocrx_word' id='word_1_143' title='bbox 364 1385 398 1450; x_wconf 90' lang='lat' dir='ltr'>A</span> <span class='ocrx_word' id='word_1_144' title='bbox 420 1388 624 1456; x_wconf 77' lang='lat' dir='ltr'>textoribus</span> <span class='ocrx_word' id='word_1_145' title='bbox 646 1385 750 1466; x_wconf 90' lang='lat' dir='ltr'>petita</span> <span class='ocrx_word' id='word_1_146' title='bbox 770 1392 821 1451; x_wconf 87' lang='lat' dir='ltr'>est</span> <span class='ocrx_word' id='word_1_147' title='bbox 842 1385 933 1452; x_wconf 85' lang='lat' dir='ltr'>verbi</span> <span class='ocrx_word' id='word_1_148' title='bbox 962 1386 1199 1471; x_wconf 90' lang='lat' dir='ltr'>„deducere“</span> <span class='ocrx_word' id='word_1_149' title='bbox 1223 1385 1393 1452; x_wconf 87' lang='lat' dir='ltr'>translatio</span> <span class='ocrx_word' id='word_1_150' title='bbox 1419 1385 1450 1451; x_wconf 91' lang='lat' dir='ltr'>in</span> <span class='ocrx_word' id='word_1_151' title='bbox 1479 1385 1550 1452; x_wconf 87' lang='lat' dir='ltr'>Iuv.</span> <span class='ocrx_word' id='word_1_152' title='bbox 1573 1405 1599 1454; x_wconf 81' lang='lat' dir='ltr'>a.</span> <span class='ocrx_word' id='word_1_153' title='bbox 1622 1386 1718 1452; x_wconf 87' lang='lat' dir='ltr'>XIII</span> <span class='ocrx_word' id='word_1_154' title='bbox 1741 1391 1819 1452; x_wconf 73' lang='lat'>207:</span> <span class='ocrx_word' id='word_1_155' title='bbox 1855 1385 1971 1470; x_wconf 88' lang='lat' dir='ltr'>„longa</span> <span class='ocrx_word' id='word_1_156' title='bbox 2003 1383 2149 1451; x_wconf 88' lang='lat' dir='ltr'>deductis</span> 
     </span>
     <span class='ocr_line' id='line_1_13' title="bbox 212 1486 2149 1574; baseline -0.001 -22"><span class='ocrx_word' id='word_1_157' title='bbox 212 1495 308 1570; x_wconf 88' lang='lat' dir='ltr'>gente</span> <span class='ocrx_word' id='word_1_158' title='bbox 328 1486 545 1570; x_wconf 86' lang='lat' dir='ltr'>propinquis“.</span> <span class='ocrx_word' id='word_1_159' title='bbox 589 1487 746 1555; x_wconf 83' lang='lat' dir='ltr'>Similiter</span> <span class='ocrx_word' id='word_1_160' title='bbox 767 1507 824 1556; x_wconf 91' lang='lat' dir='ltr'>uos</span> <span class='ocrx_word' id='word_1_161' title='bbox 847 1490 886 1554; x_wconf 87' lang='lat' dir='ltr'>de</span> <span class='ocrx_word' id='word_1_162' title='bbox 909 1489 1032 1572; x_wconf 85' lang='lat' dir='ltr'>origine</span> <span class='ocrx_word' id='word_1_163' title='bbox 1054 1492 1095 1556; x_wconf 87' lang='lat' dir='ltr'>ab</span> <span class='ocrx_word' id='word_1_164' title='bbox 1117 1490 1223 1572; x_wconf 88' lang='lat' dir='ltr'>aliquo</span> <span class='ocrx_word' id='word_1_165' title='bbox 1246 1489 1404 1555; x_wconf 86' lang='lat' dir='ltr'>trahenda</span> <span class='ocrx_word' id='word_1_166' title='bbox 1427 1488 1562 1556; x_wconf 85' lang='lat' dir='ltr'>dicimus</span> <span class='ocrx_word' id='word_1_167' title='bbox 1585 1491 1652 1574; x_wconf 73' lang='lat' dir='ltr'>„dab</span> <span class='ocrx_word' id='word_1_168' title='bbox 1676 1489 1897 1574; x_wconf 74' lang='lat' dir='ltr'>Almammaap</span> <span class='ocrx_word' id='word_1_169' title='bbox 1919 1488 2087 1555; x_wconf 65' lang='lat' dir='ltr'>herbicat</span> <span class='ocrx_word' id='word_1_170' title='bbox 2105 1524 2149 1538; x_wconf 91' lang='lat'>—</span> 
     </span>
     <span class='ocr_line' id='line_1_14' title="bbox 212 1589 2149 1678; baseline 0.001 -22"><span class='ocrx_word' id='word_1_171' title='bbox 212 1589 292 1656; x_wconf 89' lang='lat' dir='ltr'>Alia</span> <span class='ocrx_word' id='word_1_172' title='bbox 305 1591 517 1658; x_wconf 86' lang='lat' dir='ltr'>translatione</span> <span class='ocrx_word' id='word_1_173' title='bbox 533 1592 727 1676; x_wconf 81' lang='lat' dir='ltr'>,‚ueuucere·‘</span> <span class='ocrx_word' id='word_1_174' title='bbox 743 1592 880 1674; x_wconf 89' lang='lat' dir='ltr'>positum</span> <span class='ocrx_word' id='word_1_175' title='bbox 896 1601 944 1660; x_wconf 89' lang='lat' dir='ltr'>est</span> <span class='ocrx_word' id='word_1_176' title='bbox 961 1594 1001 1658; x_wconf 89' lang='lat' dir='ltr'>de</span> <span class='ocrx_word' id='word_1_177' title='bbox 1016 1611 1062 1678; x_wconf 90' lang='lat' dir='ltr'>eo,</span> <span class='ocrx_word' id='word_1_178' title='bbox 1078 1593 1131 1674; x_wconf 85' lang='lat' dir='ltr'>qui</span> <span class='ocrx_word' id='word_1_179' title='bbox 1147 1592 1350 1658; x_wconf 90' lang='lat' dir='ltr'>ornatissime</span> <span class='ocrx_word' id='word_1_180' title='bbox 1365 1592 1545 1674; x_wconf 80' lang='lat' dir='ltr'>opomeque</span> <span class='ocrx_word' id='word_1_181' title='bbox 1565 1592 1755 1674; x_wconf 84' lang='lat' dir='ltr'>componit</span> <span class='ocrx_word' id='word_1_182' title='bbox 1770 1592 1922 1674; x_wconf 87' lang='lat' dir='ltr'>carmina,</span> <span class='ocrx_word' id='word_1_183' title='bbox 1942 1591 1976 1656; x_wconf 93' lang='lat' dir='ltr'>in</span> <span class='ocrx_word' id='word_1_184' title='bbox 1991 1591 2149 1658; x_wconf 88' lang='lat' dir='ltr'>locutione</span> 
     </span>
     <span class='ocr_line' id='line_1_15' title="bbox 212 1693 2148 1781; baseline -0.002 -21"><span class='ocrx_word' id='word_1_185' title='bbox 212 1693 1263 1781; x_wconf 83' lang='lat' dir='ltr'>Iuvenaliana„qulnihilexpositnmsoleatdeduoere“(V1154).</span> <span class='ocrx_word' id='word_1_186' title='bbox 1290 1695 1446 1763; x_wconf 84' lang='lat' dir='ltr'>Similiter</span> <span class='ocrx_word' id='word_1_187' title='bbox 1457 1715 1515 1763; x_wconf 93' lang='lat' dir='ltr'>uos</span> <span class='ocrx_word' id='word_1_188' title='bbox 1524 1695 1571 1762; x_wconf 89' lang='lat' dir='ltr'>uti</span> <span class='ocrx_word' id='word_1_189' title='bbox 1581 1715 1750 1778; x_wconf 90' lang='lat' dir='ltr'>possumus</span> <span class='ocrx_word' id='word_1_190' title='bbox 1759 1697 1856 1762; x_wconf 91' lang='lat' dir='ltr'>verbo</span> <span class='ocrx_word' id='word_1_191' title='bbox 1868 1697 2148 1781; x_wconf 52' lang='lat' dir='ltr'>„carpinum-</span> 
     </span>
    </p>

    <p class='ocr_par' dir='ltr' id='par_1_5' title="bbox 211 1797 2150 2812">
     <span class='ocr_line' id='line_1_16' title="bbox 363 1797 2149 1885; baseline 0.001 -22"><span class='ocrx_word' id='word_1_192' title='bbox 363 1797 519 1864; x_wconf 89' lang='lat' dir='ltr'>Dicamus</span> <span class='ocrx_word' id='word_1_193' title='bbox 534 1816 618 1865; x_wconf 85' lang='lat' dir='ltr'>nunc</span> <span class='ocrx_word' id='word_1_194' title='bbox 633 1799 672 1864; x_wconf 89' lang='lat' dir='ltr'>de</span> <span class='ocrx_word' id='word_1_195' title='bbox 685 1798 952 1866; x_wconf 86' lang='lat' dir='ltr'>translationibus</span> <span class='ocrx_word' id='word_1_196' title='bbox 968 1802 1012 1868; x_wconf 87' lang='lat' dir='ltr'>ab</span> <span class='ocrx_word' id='word_1_197' title='bbox 1025 1803 1201 1871; x_wconf 84' lang='lat' dir='ltr'>iudicibus</span> <span class='ocrx_word' id='word_1_198' title='bbox 1218 1803 1459 1884; x_wconf 82' lang='lat' dir='ltr'>omnibusque,</span> <span class='ocrx_word' id='word_1_199' title='bbox 1477 1819 1565 1884; x_wconf 86' lang='lat' dir='ltr'>quae</span> <span class='ocrx_word' id='word_1_200' title='bbox 1581 1803 1625 1869; x_wconf 76' lang='lat' dir='ltr'>ael</span> <span class='ocrx_word' id='word_1_201' title='bbox 1640 1818 1700 1869; x_wconf 89' lang='lat' dir='ltr'>eos</span> <span class='ocrx_word' id='word_1_202' title='bbox 1715 1803 1906 1885; x_wconf 80' lang='lat' dir='ltr'>pertinent,</span> <span class='ocrx_word' id='word_1_203' title='bbox 1923 1798 2043 1880; x_wconf 85' lang='lat' dir='ltr'>petitis.</span> <span class='ocrx_word' id='word_1_204' title='bbox 2078 1797 2149 1883; x_wconf 77' lang='lat' dir='ltr'>Quo</span> 
     </span>
     <span class='ocr_line' id='line_1_17' title="bbox 212 1900 2148 1988; baseline 0.001 -22"><span class='ocrx_word' id='word_1_205' title='bbox 212 1900 245 1966; x_wconf 90' lang='lat' dir='ltr'>in</span> <span class='ocrx_word' id='word_1_206' title='bbox 269 1918 399 1968; x_wconf 90' lang='lat' dir='ltr'>numero</span> <span class='ocrx_word' id='word_1_207' title='bbox 422 1900 568 1968; x_wconf 85' lang='lat' dir='ltr'>ducenda</span> <span class='ocrx_word' id='word_1_208' title='bbox 581 1907 631 1967; x_wconf 89' lang='lat' dir='ltr'>est</span> <span class='ocrx_word' id='word_1_209' title='bbox 647 1902 836 1983; x_wconf 86' lang='lat' dir='ltr'>metaphora</span> <span class='ocrx_word' id='word_1_210' title='bbox 851 1900 967 1986; x_wconf 90' lang='lat' dir='ltr'>„alicui</span> <span class='ocrx_word' id='word_1_211' title='bbox 981 1901 1029 1968; x_wconf 91' lang='lat' dir='ltr'>rei</span> <span class='ocrx_word' id='word_1_212' title='bbox 1050 1902 1199 1985; x_wconf 87' lang='lat' dir='ltr'>nigrum</span> <span class='ocrx_word' id='word_1_213' title='bbox 1222 1901 1441 1986; x_wconf 85' lang='lat' dir='ltr'>praefigere</span> <span class='ocrx_word' id='word_1_214' title='bbox 1463 1903 1599 1969; x_wconf 88' lang='lat' dir='ltr'>theta“</span> <span class='ocrx_word' id='word_1_215' title='bbox 1615 1902 1721 1988; x_wconf 86' lang='lat' dir='ltr'>(Pers.</span> <span class='ocrx_word' id='word_1_216' title='bbox 1737 1903 1789 1971; x_wconf 86' lang='lat' dir='ltr'>IV</span> <span class='ocrx_word' id='word_1_217' title='bbox 1805 1903 1860 1988; x_wconf 83' lang='grc'>13)</span> <span class='ocrx_word' id='word_1_218' title='bbox 1874 1902 1895 1971; x_wconf 93' lang='lat' dir='ltr'>i.</span> <span class='ocrx_word' id='word_1_219' title='bbox 1912 1921 1930 1967; x_wconf 94' lang='lat' dir='ltr'>e</span> <span class='ocrx_word' id='word_1_220' title='bbox 1959 1902 2148 1985; x_wconf 89' lang='lat' dir='ltr'>improbare,</span> 
     </span>
     <span class='ocr_line' id='line_1_18' title="bbox 212 2001 2148 2090; baseline 0.003 -21"><span class='ocrx_word' id='word_1_221' title='bbox 212 2005 365 2071; x_wconf 87' lang='lat' dir='ltr'>damnare</span> <span class='ocrx_word' id='word_1_222' title='bbox 376 2003 507 2086; x_wconf 88' lang='lat' dir='ltr'>ahquid.</span> <span class='ocrx_word' id='word_1_223' title='bbox 552 2001 643 2088; x_wconf 83' lang='lat' dir='ltr'>Quae</span> <span class='ocrx_word' id='word_1_224' title='bbox 654 2003 824 2070; x_wconf 86' lang='lat' dir='ltr'>translatio</span> <span class='ocrx_word' id='word_1_225' title='bbox 840 2004 945 2085; x_wconf 87' lang='lat' dir='ltr'>posita</span> <span class='ocrx_word' id='word_1_226' title='bbox 955 2010 1007 2072; x_wconf 90' lang='lat' dir='ltr'>est</span> <span class='ocrx_word' id='word_1_227' title='bbox 1020 2005 1054 2071; x_wconf 91' lang='lat' dir='ltr'>iu</span> <span class='ocrx_word' id='word_1_228' title='bbox 1069 2023 1116 2090; x_wconf 93' lang='lat' dir='ltr'>eo,</span> <span class='ocrx_word' id='word_1_229' title='bbox 1133 2006 1218 2086; x_wconf 86' lang='lat' dir='ltr'>quod</span> <span class='ocrx_word' id='word_1_230' title='bbox 1232 2006 1333 2090; x_wconf 88' lang='lat' dir='ltr'>theta,</span> <span class='ocrx_word' id='word_1_231' title='bbox 1351 2025 1432 2087; x_wconf 85' lang='lat' dir='ltr'>quae</span> <span class='ocrx_word' id='word_1_232' title='bbox 1446 2005 1550 2088; x_wconf 89' lang='lat' dir='ltr'>prirna</span> <span class='ocrx_word' id='word_1_233' title='bbox 1562 2012 1613 2074; x_wconf 88' lang='lat' dir='ltr'>est</span> <span class='ocrx_word' id='word_1_234' title='bbox 1627 2007 1737 2072; x_wconf 89' lang='lat' dir='ltr'>littera</span> <span class='ocrx_word' id='word_1_235' title='bbox 1754 2005 1950 2072; x_wconf 89' lang='lat' dir='ltr'>substantivi</span> <span class='ocrx_word' id='word_1_236' title='bbox 1966 2001 2148 2079; x_wconf 58' lang='lat' dir='ltr'>,tiramus</span> 
     </span>
     <span class='ocr_line' id='line_1_19' title="bbox 211 2107 2148 2194; baseline 0.001 -22"><span class='ocrx_word' id='word_1_237' title='bbox 211 2107 464 2190; x_wconf 83' lang='lat' dir='ltr'>iudicissignum</span> <span class='ocrx_word' id='word_1_238' title='bbox 478 2115 559 2192; x_wconf 86' lang='lat' dir='ltr'>erat,</span> <span class='ocrx_word' id='word_1_239' title='bbox 572 2108 704 2189; x_wconf 86' lang='lat' dir='ltr'>siquem</span> <span class='ocrx_word' id='word_1_240' title='bbox 720 2107 837 2190; x_wconf 91' lang='lat' dir='ltr'>capitis</span> <span class='ocrx_word' id='word_1_241' title='bbox 848 2108 1083 2194; x_wconf 84' lang='lat' dir='ltr'>damnabat**).</span> <span class='ocrx_word' id='word_1_242' title='bbox 1097 2147 1130 2156; x_wconf 91' lang='lat'>-</span> <span class='ocrx_word' id='word_1_243' title='bbox 1154 2109 1225 2176; x_wconf 91' lang='lat' dir='ltr'>Iuv.</span> <span class='ocrx_word' id='word_1_244' title='bbox 1242 2108 1290 2174; x_wconf 91' lang='lat' dir='ltr'>VI</span> <span class='ocrx_word' id='word_1_245' title='bbox 1305 2114 1382 2175; x_wconf 79' lang='lat'>485:</span> <span class='ocrx_word' id='word_1_246' title='bbox 1398 2108 1635 2176; x_wconf 85' lang='lat' dir='ltr'>substantivum</span> <span class='ocrx_word' id='word_1_247' title='bbox 1652 2107 1883 2194; x_wconf 85' lang='lat' dir='ltr'>,‚coguitio“,</span> <span class='ocrx_word' id='word_1_248' title='bbox 1899 2107 1983 2190; x_wconf 85' lang='lat' dir='ltr'>quod</span> <span class='ocrx_word' id='word_1_249' title='bbox 1999 2107 2041 2173; x_wconf 85' lang='lat' dir='ltr'>ad</span> <span class='ocrx_word' id='word_1_250' title='bbox 2056 2126 2148 2174; x_wconf 92' lang='lat' dir='ltr'>usum</span> 
     </span>
     <span class='ocr_line' id='line_1_20' title="bbox 213 2210 2149 2298; baseline -0.001 -20"><span class='ocrx_word' id='word_1_251' title='bbox 213 2210 373 2292; x_wconf 87' lang='lat' dir='ltr'>pertinere</span> <span class='ocrx_word' id='word_1_252' title='bbox 384 2210 564 2276; x_wconf 83' lang='lat' dir='ltr'>indicielem</span> <span class='ocrx_word' id='word_1_253' title='bbox 576 2218 686 2276; x_wconf 91' lang='lat' dir='ltr'>notum</span> <span class='ocrx_word' id='word_1_254' title='bbox 702 2223 762 2296; x_wconf 88' lang='lat' dir='ltr'>est,</span> <span class='ocrx_word' id='word_1_255' title='bbox 780 2210 941 2293; x_wconf 90' lang='lat' dir='ltr'>siguificat</span> <span class='ocrx_word' id='word_1_256' title='bbox 959 2211 1204 2295; x_wconf 84' lang='lat' dir='ltr'>castigationem</span> <span class='ocrx_word' id='word_1_257' title='bbox 1220 2231 1383 2279; x_wconf 91' lang='lat' dir='ltr'>servorum</span> <span class='ocrx_word' id='word_1_258' title='bbox 1400 2212 1547 2280; x_wconf 87' lang='lat' dir='ltr'>dominae</span> <span class='ocrx_word' id='word_1_259' title='bbox 1562 2211 1651 2278; x_wconf 89' lang='lat' dir='ltr'>iussn</span> <span class='ocrx_word' id='word_1_260' title='bbox 1667 2219 1832 2295; x_wconf 87' lang='lat' dir='ltr'>peractam</span> <span class='ocrx_word' id='word_1_261' title='bbox 1848 2211 2064 2298; x_wconf 85' lang='lat' dir='ltr'>(„cognitioue</span> <span class='ocrx_word' id='word_1_262' title='bbox 2078 2231 2149 2293; x_wconf 92' lang='lat' dir='ltr'>per·</span> 
     </span>
     <span class='ocr_line' id='line_1_21' title="bbox 213 2313 2149 2400; baseline -0.002 -20"><span class='ocrx_word' id='word_1_263' title='bbox 213 2313 333 2400; x_wconf 87' lang='lat' dir='ltr'>aota“).</span> <span class='ocrx_word' id='word_1_264' title='bbox 378 2313 523 2398; x_wconf 83' lang='lat' dir='ltr'>Quacum</span> <span class='ocrx_word' id='word_1_265' title='bbox 543 2313 756 2380; x_wconf 87' lang='lat' dir='ltr'>translatione</span> <span class='ocrx_word' id='word_1_266' title='bbox 775 2315 989 2397; x_wconf 89' lang='lat' dir='ltr'>comparanda</span> <span class='ocrx_word' id='word_1_267' title='bbox 1008 2321 1059 2381; x_wconf 90' lang='lat' dir='ltr'>est</span> <span class='ocrx_word' id='word_1_268' title='bbox 1072 2315 1189 2381; x_wconf 91' lang='lat' dir='ltr'>locutio</span> <span class='ocrx_word' id='word_1_269' title='bbox 1203 2321 1316 2382; x_wconf 90' lang='lat' dir='ltr'>nostra</span> <span class='ocrx_word' id='word_1_270' title='bbox 1330 2315 1476 2398; x_wconf 87' lang='lat' dir='ltr'>vulgaris</span> <span class='ocrx_word' id='word_1_271' title='bbox 1491 2317 1565 2400; x_wconf 74' lang='lat' dir='ltr'>,mu</span> <span class='ocrx_word' id='word_1_272' title='bbox 1577 2315 1648 2398; x_wconf 76' lang='lat' dir='ltr'>jem.</span> <span class='ocrx_word' id='word_1_273' title='bbox 1665 2314 1776 2378; x_wconf 69' lang='lat' dir='ltr'>ituraea</span> <span class='ocrx_word' id='word_1_274' title='bbox 1794 2314 1919 2379; x_wconf 68' lang='lat' dir='ltr'>Proreus</span> <span class='ocrx_word' id='word_1_275' title='bbox 1933 2315 2090 2380; x_wconf 80' lang='lat' dir='ltr'>muclen“.</span> <span class='ocrx_word' id='word_1_276' title='bbox 2106 2351 2149 2362; x_wconf 92' lang='grc'>-</span> 
     </span>
     <span class='ocr_line' id='line_1_22' title="bbox 213 2416 2148 2502; baseline 0.001 -20"><span class='ocrx_word' id='word_1_277' title='bbox 213 2417 285 2486; x_wconf 89' lang='lat' dir='ltr'>Iuv.</span> <span class='ocrx_word' id='word_1_278' title='bbox 307 2417 380 2486; x_wconf 87' lang='lat' dir='ltr'>VII</span> <span class='ocrx_word' id='word_1_279' title='bbox 402 2423 457 2484; x_wconf 85' lang='lat'>33:</span> <span class='ocrx_word' id='word_1_280' title='bbox 484 2416 708 2500; x_wconf 86' lang='lat' dir='ltr'>„decidere“</span> <span class='ocrx_word' id='word_1_281' title='bbox 731 2417 752 2483; x_wconf 92' lang='lat' dir='ltr'>i.</span> <span class='ocrx_word' id='word_1_282' title='bbox 776 2437 803 2483; x_wconf 95' lang='lat' dir='ltr'>e.</span> <span class='ocrx_word' id='word_1_283' title='bbox 826 2436 889 2502; x_wconf 92' lang='lat' dir='ltr'>res,</span> <span class='ocrx_word' id='word_1_284' title='bbox 912 2417 1085 2500; x_wconf 89' lang='lat' dir='ltr'>dequibus</span> <span class='ocrx_word' id='word_1_285' title='bbox 1107 2419 1193 2500; x_wconf 88' lang='lat' dir='ltr'>apud</span> <span class='ocrx_word' id='word_1_286' title='bbox 1214 2419 1351 2486; x_wconf 88' lang='lat' dir='ltr'>iudicem</span> <span class='ocrx_word' id='word_1_287' title='bbox 1373 2419 1414 2484; x_wconf 88' lang='lat' dir='ltr'>lis</span> <span class='ocrx_word' id='word_1_288' title='bbox 1435 2427 1495 2500; x_wconf 89' lang='lat' dir='ltr'>est,</span> <span class='ocrx_word' id='word_1_289' title='bbox 1518 2437 1715 2502; x_wconf 85' lang='lat' dir='ltr'>componere,</span> <span class='ocrx_word' id='word_1_290' title='bbox 1743 2425 1933 2500; x_wconf 89' lang='lat' dir='ltr'>usurpatum</span> <span class='ocrx_word' id='word_1_291' title='bbox 1960 2423 2012 2485; x_wconf 92' lang='lat' dir='ltr'>est</span> <span class='ocrx_word' id='word_1_292' title='bbox 2033 2418 2072 2483; x_wconf 84' lang='lat' dir='ltr'>de</span> <span class='ocrx_word' id='word_1_293' title='bbox 2094 2419 2148 2484; x_wconf 85' lang='lat' dir='ltr'>ho</span> 
     </span>
     <span class='ocr_line' id='line_1_23' title="bbox 213 2520 2150 2607; baseline 0 -21"><span class='ocrx_word' id='word_1_294' title='bbox 213 2521 306 2605; x_wconf 88' lang='lat' dir='ltr'>mine,</span> <span class='ocrx_word' id='word_1_295' title='bbox 328 2522 380 2587; x_wconf 92' lang='lat' dir='ltr'>cui</span> <span class='ocrx_word' id='word_1_296' title='bbox 402 2522 436 2587; x_wconf 90' lang='lat' dir='ltr'>iu</span> <span class='ocrx_word' id='word_1_297' title='bbox 458 2521 523 2588; x_wconf 91' lang='lat' dir='ltr'>alto</span> <span class='ocrx_word' id='word_1_298' title='bbox 545 2521 637 2602; x_wconf 87' lang='lat' dir='ltr'>quasi</span> <span class='ocrx_word' id='word_1_299' title='bbox 658 2520 699 2588; x_wconf 89' lang='lat' dir='ltr'>lis</span> <span class='ocrx_word' id='word_1_300' title='bbox 722 2527 773 2588; x_wconf 90' lang='lat' dir='ltr'>est</span> <span class='ocrx_word' id='word_1_301' title='bbox 793 2541 865 2588; x_wconf 89' lang='lat' dir='ltr'>cum</span> <span class='ocrx_word' id='word_1_302' title='bbox 886 2521 992 2589; x_wconf 84' lang='lat' dir='ltr'>ventis</span> <span class='ocrx_word' id='word_1_303' title='bbox 1014 2521 1169 2607; x_wconf 72' lang='lat' dir='ltr'>adversis</span> <span class='ocrx_word' id='word_1_304' title='bbox 1192 2541 1280 2607; x_wconf 87' lang='lat' dir='ltr'>quos,</span> <span class='ocrx_word' id='word_1_305' title='bbox 1304 2528 1340 2588; x_wconf 90' lang='lat' dir='ltr'>ut</span> <span class='ocrx_word' id='word_1_306' title='bbox 1355 2522 1443 2589; x_wconf 85' lang='lat' dir='ltr'>illam</span> <span class='ocrx_word' id='word_1_307' title='bbox 1458 2533 1659 2606; x_wconf 86' lang='lat' dir='ltr'>componant,</span> <span class='ocrx_word' id='word_1_308' title='bbox 1681 2521 1883 2589; x_wconf 84' lang='lat' dir='ltr'>coneedendo</span> <span class='ocrx_word' id='word_1_309' title='bbox 1897 2540 2026 2590; x_wconf 87' lang='lat' dir='ltr'>movere</span> <span class='ocrx_word' id='word_1_310' title='bbox 2041 2521 2150 2587; x_wconf 85' lang='lat' dir='ltr'>studet</span> 
     </span>
     <span class='ocr_line' id='line_1_24' title="bbox 213 2623 2148 2710; baseline 0 -21"><span class='ocrx_word' id='word_1_311' title='bbox 213 2623 396 2708; x_wconf 88' lang='lat' dir='ltr'>(‚,decidere</span> <span class='ocrx_word' id='word_1_312' title='bbox 417 2624 506 2692; x_wconf 88' lang='lat' dir='ltr'>iactu</span> <span class='ocrx_word' id='word_1_313' title='bbox 529 2625 633 2707; x_wconf 90' lang='lat' dir='ltr'>eoepit</span> <span class='ocrx_word' id='word_1_314' title='bbox 655 2645 726 2691; x_wconf 91' lang='lat' dir='ltr'>cum</span> <span class='ocrx_word' id='word_1_315' title='bbox 748 2625 901 2710; x_wconf 87' lang='lat' dir='ltr'>ventis“).</span> <span class='ocrx_word' id='word_1_316' title='bbox 945 2623 1117 2692; x_wconf 85' lang='lat' dir='ltr'>Oommode</span> <span class='ocrx_word' id='word_1_317' title='bbox 1139 2624 1341 2692; x_wconf 88' lang='lat' dir='ltr'>scholiastes:</span> <span class='ocrx_word' id='word_1_318' title='bbox 1365 2625 1426 2709; x_wconf 92' lang='lat' dir='ltr'>„de</span> <span class='ocrx_word' id='word_1_319' title='bbox 1448 2625 1588 2707; x_wconf 90' lang='lat' dir='ltr'>periculo</span> <span class='ocrx_word' id='word_1_320' title='bbox 1604 2630 1637 2691; x_wconf 92' lang='lat' dir='ltr'>et</span> <span class='ocrx_word' id='word_1_321' title='bbox 1651 2626 1691 2690; x_wconf 90' lang='lat' dir='ltr'>de</span> <span class='ocrx_word' id='word_1_322' title='bbox 1705 2624 1776 2692; x_wconf 83' lang='lat' dir='ltr'>vita</span> <span class='ocrx_word' id='word_1_323' title='bbox 1790 2625 1896 2706; x_wconf 90' lang='lat' dir='ltr'>coepit</span> <span class='ocrx_word' id='word_1_324' title='bbox 1917 2624 2061 2706; x_wconf 90' lang='lat' dir='ltr'>pacisci</span> <span class='ocrx_word' id='word_1_325' title='bbox 2078 2642 2148 2690; x_wconf 90' lang='lat' dir='ltr'>curu</span> 
     </span>
     <span class='ocr_line' id='line_1_25' title="bbox 213 2727 965 2812; baseline 0.004 -20"><span class='ocrx_word' id='word_1_326' title='bbox 213 2728 328 2812; x_wconf 86' lang='lat' dir='ltr'>ventis,</span> <span class='ocrx_word' id='word_1_327' title='bbox 352 2735 385 2793; x_wconf 92' lang='lat' dir='ltr'>et</span> <span class='ocrx_word' id='word_1_328' title='bbox 405 2727 564 2795; x_wconf 83' lang='lat' dir='ltr'>iacturam</span> <span class='ocrx_word' id='word_1_329' title='bbox 586 2728 737 2794; x_wconf 88' lang='lat' dir='ltr'>mercium</span> <span class='ocrx_word' id='word_1_330' title='bbox 760 2728 898 2795; x_wconf 69' lang='lat' dir='ltr'>faceret</span> <span class='ocrx_word' id='word_1_331' title='bbox 921 2765 965 2776; x_wconf 94' lang='lat'>—</span> 
     </span>
    </p>

    <p class='ocr_par' dir='ltr' id='par_1_6' title="bbox 213 2829 2150 3327">
     <span class='ocr_line' id='line_1_26' title="bbox 364 2829 2150 2913; baseline -0.001 -15"><span class='ocrx_word' id='word_1_332' title='bbox 364 2833 467 2898; x_wconf 91' lang='lat' dir='ltr'>Porro</span> <span class='ocrx_word' id='word_1_333' title='bbox 494 2830 703 2898; x_wconf 81' lang='lat' dir='ltr'>inveniuntur</span> <span class='ocrx_word' id='word_1_334' title='bbox 728 2831 956 2898; x_wconf 87' lang='lat' dir='ltr'>translationes</span> <span class='ocrx_word' id='word_1_335' title='bbox 982 2856 1007 2902; x_wconf 89' lang='lat' dir='ltr'>a·</span> <span class='ocrx_word' id='word_1_336' title='bbox 1025 2833 1269 2904; x_wconf 79' lang='lat' dir='ltr'>sacerdotibus</span> <span class='ocrx_word' id='word_1_337' title='bbox 1292 2837 1447 2912; x_wconf 83' lang='lat' dir='ltr'>sumptae.</span> <span class='ocrx_word' id='word_1_338' title='bbox 1493 2831 1575 2897; x_wconf 82' lang='lat' dir='ltr'>(lum</span> <span class='ocrx_word' id='word_1_339' title='bbox 1601 2851 1714 2913; x_wconf 84' lang='lat' dir='ltr'>popae,</span> <span class='ocrx_word' id='word_1_340' title='bbox 1741 2829 1796 2912; x_wconf 88' lang='lat' dir='ltr'>qui</span> <span class='ocrx_word' id='word_1_341' title='bbox 1818 2831 1941 2897; x_wconf 87' lang='lat' dir='ltr'>hostias</span> <span class='ocrx_word' id='word_1_342' title='bbox 1964 2831 2150 2897; x_wconf 84' lang='lat' dir='ltr'>mactabant</span> 
     </span>
     <span class='ocr_line' id='line_1_27' title="bbox 213 2933 2149 3019; baseline -0.001 -19"><span class='ocrx_word' id='word_1_343' title='bbox 213 2944 309 3016; x_wconf 87' lang='lat' dir='ltr'>atque</span> <span class='ocrx_word' id='word_1_344' title='bbox 331 2933 520 3000; x_wconf 85' lang='lat' dir='ltr'>fruebantur</span> <span class='ocrx_word' id='word_1_345' title='bbox 540 2933 692 3018; x_wconf 76' lang='lat' dir='ltr'>relicuiis,</span> <span class='ocrx_word' id='word_1_346' title='bbox 715 2953 811 3016; x_wconf 89' lang='lat' dir='ltr'>saepe</span> <span class='ocrx_word' id='word_1_347' title='bbox 832 2935 988 3002; x_wconf 85' lang='lat' dir='ltr'>ventriosi</span> <span class='ocrx_word' id='word_1_348' title='bbox 1011 2935 1090 3001; x_wconf 85' lang='lat' dir='ltr'>facti</span> <span class='ocrx_word' id='word_1_349' title='bbox 1112 2935 1187 3018; x_wconf 91' lang='lat' dir='ltr'>sint,</span> <span class='ocrx_word' id='word_1_350' title='bbox 1208 2935 1328 3002; x_wconf 89' lang='lat' dir='ltr'>locutio</span> <span class='ocrx_word' id='word_1_351' title='bbox 1351 2954 1470 3019; x_wconf 82' lang='lat' dir='ltr'>„popa</span> <span class='ocrx_word' id='word_1_352' title='bbox 1491 2935 1651 3002; x_wconf 83' lang='lat' dir='ltr'>venter“</span> <span class='ocrx_word' id='word_1_353' title='bbox 1675 2933 1709 2999; x_wconf 91' lang='lat' dir='ltr'>in</span> <span class='ocrx_word' id='word_1_354' title='bbox 1731 2933 1822 3002; x_wconf 91' lang='lat' dir='ltr'>Pers.</span> <span class='ocrx_word' id='word_1_355' title='bbox 1840 2935 1891 3002; x_wconf 92' lang='lat' dir='ltr'>VI</span> <span class='ocrx_word' id='word_1_356' title='bbox 1915 2938 1955 2999; x_wconf 84' lang='grc'>74</span> <span class='ocrx_word' id='word_1_357' title='bbox 1978 2935 2084 3016; x_wconf 88' lang='lat' dir='ltr'>posita</span> <span class='ocrx_word' id='word_1_358' title='bbox 2098 2939 2149 2999; x_wconf 91' lang='lat' dir='ltr'>est</span> 
     </span>
     <span class='ocr_line' id='line_1_28' title="bbox 213 3036 2147 3124; baseline -0.001 -20"><span class='ocrx_word' id='word_1_359' title='bbox 213 3057 269 3118; x_wconf 90' lang='lat' dir='ltr'>pro</span> <span class='ocrx_word' id='word_1_360' title='bbox 293 3039 428 3121; x_wconf 88' lang='lat' dir='ltr'>„obesus</span> <span class='ocrx_word' id='word_1_361' title='bbox 449 3039 595 3120; x_wconf 81' lang='lat' dir='ltr'>venter“;</span> <span class='ocrx_word' id='word_1_362' title='bbox 618 3044 763 3104; x_wconf 89' lang='lat' dir='ltr'>nostrum</span> <span class='ocrx_word' id='word_1_363' title='bbox 781 3037 1111 3124; x_wconf 67' lang='lat' dir='ltr'>‚‚1Jaffeal›aaa²‘.—</span> <span class='ocrx_word' id='word_1_364' title='bbox 1125 3040 1224 3122; x_wconf 88' lang='lat' dir='ltr'>Apud</span> <span class='ocrx_word' id='word_1_365' title='bbox 1239 3039 1309 3108; x_wconf 88' lang='lat' dir='ltr'>Iuv.</span> <span class='ocrx_word' id='word_1_366' title='bbox 1325 3039 1396 3106; x_wconf 92' lang='lat' dir='ltr'>VII</span> <span class='ocrx_word' id='word_1_367' title='bbox 1420 3045 1459 3104; x_wconf 85' lang='lat'>19</span> <span class='ocrx_word' id='word_1_368' title='bbox 1483 3037 1682 3124; x_wconf 85' lang='lat' dir='ltr'>‚,quicunque</span> <span class='ocrx_word' id='word_1_369' title='bbox 1694 3087 1702 3102; x_wconf 87' lang='lat'>.</span> <span class='ocrx_word' id='word_1_370' title='bbox 1716 3092 1724 3108; x_wconf 88' lang='lat'><strong>.</strong></span> <span class='ocrx_word' id='word_1_371' title='bbox 1738 3087 1746 3104; x_wconf 90' lang='lat'><strong>.</strong></span> <span class='ocrx_word' id='word_1_372' title='bbox 1759 3036 1905 3104; x_wconf 87' lang='lat' dir='ltr'>laurum</span> <span class='ocrx_word' id='word_1_373' title='bbox 1927 3037 2147 3104; x_wconf 82' lang='lat' dir='ltr'>momordit‘</span> 
     </span>
     <span class='ocr_line' id='line_1_29' title="bbox 213 3140 2149 3226; baseline -0.001 -19"><span class='ocrx_word' id='word_1_374' title='bbox 213 3144 254 3208; x_wconf 88' lang='lat' dir='ltr'>ab</span> <span class='ocrx_word' id='word_1_375' title='bbox 268 3140 430 3224; x_wconf 85' lang='lat' dir='ltr'>Apollinis</span> <span class='ocrx_word' id='word_1_376' title='bbox 454 3140 682 3221; x_wconf 83' lang='lat' dir='ltr'>sacerdotibus,</span> <span class='ocrx_word' id='word_1_377' title='bbox 705 3141 759 3222; x_wconf 93' lang='lat' dir='ltr'>qui</span> <span class='ocrx_word' id='word_1_378' title='bbox 781 3142 914 3224; x_wconf 89' lang='lat' dir='ltr'>laurum,</span> <span class='ocrx_word' id='word_1_379' title='bbox 939 3151 975 3208; x_wconf 90' lang='lat' dir='ltr'>ut</span> <span class='ocrx_word' id='word_1_380' title='bbox 997 3143 1104 3209; x_wconf 88' lang='lat' dir='ltr'>divino</span> <span class='ocrx_word' id='word_1_381' title='bbox 1120 3143 1256 3226; x_wconf 89' lang='lat' dir='ltr'>quodam</span> <span class='ocrx_word' id='word_1_382' title='bbox 1274 3141 1463 3208; x_wconf 88' lang='lat' dir='ltr'>inflarentur</span> <span class='ocrx_word' id='word_1_383' title='bbox 1479 3141 1604 3226; x_wconf 86' lang='lat' dir='ltr'>spiritu,</span> <span class='ocrx_word' id='word_1_384' title='bbox 1625 3142 1933 3226; x_wconf 78' lang='lat' dir='ltr'>mnntlucabant***,</span> <span class='ocrx_word' id='word_1_385' title='bbox 1955 3140 2149 3206; x_wconf 88' lang='lat' dir='ltr'>translatum</span> 
     </span>
     <span class='ocr_line' id='line_1_30' title="bbox 213 3245 1546 3327; baseline 0.001 -17"><span class='ocrx_word' id='word_1_386' title='bbox 213 3252 264 3312; x_wconf 92' lang='lat' dir='ltr'>est</span> <span class='ocrx_word' id='word_1_387' title='bbox 286 3247 327 3310; x_wconf 87' lang='lat' dir='ltr'>ud</span> <span class='ocrx_word' id='word_1_388' title='bbox 349 3251 477 3327; x_wconf 89' lang='lat' dir='ltr'>poetam</span> <span class='ocrx_word' id='word_1_389' title='bbox 500 3245 608 3312; x_wconf 86' lang='lat' dir='ltr'>divino</span> <span class='ocrx_word' id='word_1_390' title='bbox 630 3245 787 3311; x_wconf 87' lang='lat' dir='ltr'>instinctu</span> <span class='ocrx_word' id='word_1_391' title='bbox 807 3245 986 3312; x_wconf 90' lang='lat' dir='ltr'>incitatum.</span> <span class='ocrx_word' id='word_1_392' title='bbox 1008 3283 1052 3294; x_wconf 91' lang='lat'>-</span> <span class='ocrx_word' id='word_1_393' title='bbox 1541 3256 1546 3266; x_wconf 83' lang='lat'>&#39;</span> 
     </span>
    </p>

    <p class='ocr_par' dir='ltr' id='par_1_7' title="bbox 211 3347 2151 4054">
     <span class='ocr_line' id='line_1_31' title="bbox 365 3347 2149 3433; baseline -0.001 -19"><span class='ocrx_word' id='word_1_394' title='bbox 365 3347 668 3415; x_wconf 81' lang='lat' dir='ltr'>Commemorandae</span> <span class='ocrx_word' id='word_1_395' title='bbox 682 3355 758 3413; x_wconf 90' lang='lat' dir='ltr'>suut</span> <span class='ocrx_word' id='word_1_396' title='bbox 770 3349 998 3415; x_wconf 88' lang='lat' dir='ltr'>translationes</span> <span class='ocrx_word' id='word_1_397' title='bbox 1013 3353 1057 3419; x_wconf 89' lang='lat' dir='ltr'>ah</span> <span class='ocrx_word' id='word_1_398' title='bbox 1072 3355 1240 3433; x_wconf 85' lang='lat' dir='ltr'>agricolis</span> <span class='ocrx_word' id='word_1_399' title='bbox 1255 3349 1385 3432; x_wconf 85' lang='lat' dir='ltr'>petitae.</span> <span class='ocrx_word' id='word_1_400' title='bbox 1424 3349 1514 3414; x_wconf 92' lang='lat' dir='ltr'>Pers.</span> <span class='ocrx_word' id='word_1_401' title='bbox 1530 3348 1581 3419; x_wconf 92' lang='lat' dir='ltr'>IV</span> <span class='ocrx_word' id='word_1_402' title='bbox 1597 3355 1653 3414; x_wconf 80' lang='lat'>28:</span> <span class='ocrx_word' id='word_1_403' title='bbox 1672 3347 1824 3432; x_wconf 90' lang='lat' dir='ltr'>„iugum</span> <span class='ocrx_word' id='word_1_404' title='bbox 1838 3353 1972 3430; x_wconf 87' lang='lat' dir='ltr'>pertusa</span> <span class='ocrx_word' id='word_1_405' title='bbox 1986 3348 2032 3412; x_wconf 87' lang='lat' dir='ltr'>ad</span> <span class='ocrx_word' id='word_1_406' title='bbox 2052 3366 2149 3414; x_wconf 91' lang='lat' dir='ltr'>com·</span> 
     </span>
     <span class='ocr_line' id='line_1_32' title="bbox 213 3450 2151 3538; baseline -0.001 -20"><span class='ocrx_word' id='word_1_407' title='bbox 213 3453 295 3534; x_wconf 89' lang='lat' dir='ltr'>pita</span> <span class='ocrx_word' id='word_1_408' title='bbox 309 3451 422 3536; x_wconf 86' lang='lat' dir='ltr'>ligit“</span> <span class='ocrx_word' id='word_1_409' title='bbox 441 3471 498 3534; x_wconf 90' lang='lat' dir='ltr'>pro</span> <span class='ocrx_word' id='word_1_410' title='bbox 516 3451 735 3533; x_wconf 61' lang='lat' dir='ltr'>„requescet</span> <span class='ocrx_word' id='word_1_411' title='bbox 773 3451 814 3516; x_wconf 94' lang='lat' dir='ltr'>In</span> <span class='ocrx_word' id='word_1_412' title='bbox 829 3451 975 3533; x_wconf 86' lang='lat' dir='ltr'>compitis</span> <span class='ocrx_word' id='word_1_413' title='bbox 991 3452 1084 3538; x_wconf 90' lang='lat' dir='ltr'>enim,</span> <span class='ocrx_word' id='word_1_414' title='bbox 1100 3461 1137 3518; x_wconf 89' lang='lat' dir='ltr'>ut</span> <span class='ocrx_word' id='word_1_415' title='bbox 1152 3459 1292 3520; x_wconf 89' lang='lat' dir='ltr'>testatur</span> <span class='ocrx_word' id='word_1_416' title='bbox 1307 3451 1506 3537; x_wconf 88' lang='lat' dir='ltr'>scholiastes,</span> <span class='ocrx_word' id='word_1_417' title='bbox 1522 3452 1689 3518; x_wconf 89' lang='lat' dir='ltr'>aediculae</span> <span class='ocrx_word' id='word_1_418' title='bbox 1705 3458 1798 3517; x_wconf 89' lang='lat' dir='ltr'>erant</span> <span class='ocrx_word' id='word_1_419' title='bbox 1812 3457 1970 3532; x_wconf 88' lang='lat' dir='ltr'>patentes,</span> <span class='ocrx_word' id='word_1_420' title='bbox 1986 3450 2151 3532; x_wconf 87' lang='lat' dir='ltr'>inquibus</span> 
     </span>
     <span class='ocr_line' id='line_1_33' title="bbox 212 3551 2151 3641; baseline -0.002 -19"><span class='ocrx_word' id='word_1_421' title='bbox 212 3556 371 3639; x_wconf 82' lang='lat' dir='ltr'>agricolae</span> <span class='ocrx_word' id='word_1_422' title='bbox 403 3556 565 3637; x_wconf 88' lang='lat' dir='ltr'>ponebant</span> <span class='ocrx_word' id='word_1_423' title='bbox 590 3553 667 3638; x_wconf 88' lang='lat' dir='ltr'>iuga</span> <span class='ocrx_word' id='word_1_424' title='bbox 693 3555 859 3622; x_wconf 83' lang='lat' dir='ltr'>fractast</span> <span class='ocrx_word' id='word_1_425' title='bbox 891 3557 1122 3622; x_wconf 86' lang='lat' dir='ltr'>consecrabant</span> <span class='ocrx_word' id='word_1_426' title='bbox 1147 3557 1236 3624; x_wconf 84' lang='lat' dir='ltr'>velut</span> <span class='ocrx_word' id='word_1_427' title='bbox 1258 3555 1383 3622; x_wconf 90' lang='lat' dir='ltr'>emeriti</span> <span class='ocrx_word' id='word_1_428' title='bbox 1411 3561 1445 3621; x_wconf 88' lang='lat' dir='ltr'>et</span> <span class='ocrx_word' id='word_1_429' title='bbox 1472 3554 1628 3621; x_wconf 86' lang='lat' dir='ltr'>elaborati</span> <span class='ocrx_word' id='word_1_430' title='bbox 1651 3553 1757 3636; x_wconf 89' lang='lat' dir='ltr'>operis</span> <span class='ocrx_word' id='word_1_431' title='bbox 1783 3551 1991 3641; x_wconf 88' lang='lat' dir='ltr'>indicium†).</span> <span class='ocrx_word' id='word_1_432' title='bbox 2035 3554 2151 3635; x_wconf 88' lang='lat' dir='ltr'>Itaque</span> 
     </span>
     <span class='ocr_line' id='line_1_34' title="bbox 214 3655 2151 3743; baseline -0.001 -20"><span class='ocrx_word' id='word_1_433' title='bbox 214 3658 341 3742; x_wconf 85' lang='lat' dir='ltr'>,iugum</span> <span class='ocrx_word' id='word_1_434' title='bbox 356 3659 398 3724; x_wconf 88' lang='lat' dir='ltr'>ad</span> <span class='ocrx_word' id='word_1_435' title='bbox 413 3657 553 3739; x_wconf 86' lang='lat' dir='ltr'>compita</span> <span class='ocrx_word' id='word_1_436' title='bbox 566 3657 683 3741; x_wconf 84' lang='lat' dir='ltr'>figere“</span> <span class='ocrx_word' id='word_1_437' title='bbox 702 3657 828 3724; x_wconf 91' lang='lat' dir='ltr'>omniuo</span> <span class='ocrx_word' id='word_1_438' title='bbox 842 3657 877 3722; x_wconf 93' lang='lat' dir='ltr'>in</span> <span class='ocrx_word' id='word_1_439' title='bbox 893 3677 952 3725; x_wconf 90' lang='lat' dir='ltr'>usu</span> <span class='ocrx_word' id='word_1_440' title='bbox 967 3664 1039 3725; x_wconf 89' lang='lat' dir='ltr'>erat</span> <span class='ocrx_word' id='word_1_441' title='bbox 1052 3678 1111 3741; x_wconf 90' lang='lat' dir='ltr'>pro</span> <span class='ocrx_word' id='word_1_442' title='bbox 1129 3679 1188 3742; x_wconf 85' lang='lat' dir='ltr'>„ex</span> <span class='ocrx_word' id='word_1_443' title='bbox 1204 3660 1368 3726; x_wconf 88' lang='lat' dir='ltr'>laboribus</span> <span class='ocrx_word' id='word_1_444' title='bbox 1388 3658 1624 3740; x_wconf 82' lang='lat' dir='ltr'>conquiscere“.</span> <span class='ocrx_word' id='word_1_445' title='bbox 1669 3657 1814 3743; x_wconf 77' lang='lat' dir='ltr'>Quacum</span> <span class='ocrx_word' id='word_1_446' title='bbox 1833 3656 1992 3724; x_wconf 90' lang='lat' dir='ltr'>locutione</span> <span class='ocrx_word' id='word_1_447' title='bbox 2012 3655 2151 3724; x_wconf 83' lang='lat' dir='ltr'>conferri</span> 
     </span>
     <span class='ocr_line' id='line_1_35' title="bbox 211 3759 2149 3848; baseline 0 -22"><span class='ocrx_word' id='word_1_448' title='bbox 211 3767 318 3843; x_wconf 89' lang='lat' dir='ltr'>petest</span> <span class='ocrx_word' id='word_1_449' title='bbox 338 3765 482 3826; x_wconf 89' lang='lat' dir='ltr'>nostrum</span> <span class='ocrx_word' id='word_1_450' title='bbox 509 3761 577 3841; x_wconf 82' lang='lat' dir='ltr'>,die</span> <span class='ocrx_word' id='word_1_451' title='bbox 599 3761 705 3824; x_wconf 75' lang='lat' dir='ltr'>Arbele</span> <span class='ocrx_word' id='word_1_452' title='bbox 727 3785 766 3825; x_wconf 79' lang='lat' dir='ltr'>aa</span> <span class='ocrx_word' id='word_1_453' title='bbox 790 3763 847 3824; x_wconf 81' lang='lat' dir='ltr'>dea</span> <span class='ocrx_word' id='word_1_454' title='bbox 871 3760 973 3846; x_wconf 71' lang='lat' dir='ltr'>Napai</span> <span class='ocrx_word' id='word_1_455' title='bbox 992 3764 1140 3848; x_wconf 57' lang='lat' dir='ltr'>blegent</span> <span class='ocrx_word' id='word_1_456' title='bbox 1157 3801 1198 3811; x_wconf 95' lang='lat'>—</span> <span class='ocrx_word' id='word_1_457' title='bbox 1214 3765 1254 3828; x_wconf 89' lang='lat' dir='ltr'>In</span> <span class='ocrx_word' id='word_1_458' title='bbox 1277 3764 1367 3830; x_wconf 88' lang='lat' dir='ltr'>Pers.</span> <span class='ocrx_word' id='word_1_459' title='bbox 1392 3781 1417 3828; x_wconf 89' lang='lat' dir='ltr'>s.</span> <span class='ocrx_word' id='word_1_460' title='bbox 1432 3761 1465 3830; x_wconf 88' lang='lat' dir='ltr'><strong>V</strong></span> <span class='ocrx_word' id='word_1_461' title='bbox 1482 3767 1522 3828; x_wconf 85' lang='lat'>63</span> <span class='ocrx_word' id='word_1_462' title='bbox 1545 3759 1685 3844; x_wconf 88' lang='lat' dir='ltr'>imagine</span> <span class='ocrx_word' id='word_1_463' title='bbox 1707 3761 1749 3826; x_wconf 91' lang='lat' dir='ltr'>ab</span> <span class='ocrx_word' id='word_1_464' title='bbox 1771 3779 1859 3843; x_wconf 88' lang='lat' dir='ltr'>agro,</span> <span class='ocrx_word' id='word_1_465' title='bbox 1883 3760 1937 3841; x_wconf 85' lang='lat' dir='ltr'>qui</span> <span class='ocrx_word' id='word_1_466' title='bbox 1953 3760 2076 3842; x_wconf 77' lang='lat' dir='ltr'>colitur,</span> <span class='ocrx_word' id='word_1_467' title='bbox 2096 3759 2149 3826; x_wconf 89' lang='lat' dir='ltr'>de·</span> 
     </span>
     <span class='ocr_line' id='line_1_36' title="bbox 212 3863 2148 3948; baseline -0.002 -17"><span class='ocrx_word' id='word_1_468' title='bbox 212 3872 340 3947; x_wconf 87' lang='lat' dir='ltr'>sumpta</span> <span class='ocrx_word' id='word_1_469' title='bbox 353 3872 544 3947; x_wconf 87' lang='lat' dir='ltr'>praeceptor</span> <span class='ocrx_word' id='word_1_470' title='bbox 558 3874 692 3931; x_wconf 88' lang='lat' dir='ltr'>vocetur</span> <span class='ocrx_word' id='word_1_471' title='bbox 710 3917 724 3946; x_wconf 95' lang='lat'>„</span> <span class='ocrx_word' id='word_1_472' title='bbox 734 3866 857 3932; x_wconf 86' lang='lat' dir='ltr'>cultor</span> <span class='ocrx_word' id='word_1_473' title='bbox 878 3867 1089 3932; x_wconf 61' lang='lat' dir='ltr'>Iuvenumr.</span> <span class='ocrx_word' id='word_1_474' title='bbox 1105 3905 1148 3916; x_wconf 92' lang='lat'>-</span> <span class='ocrx_word' id='word_1_475' title='bbox 1163 3869 1254 3934; x_wconf 90' lang='lat' dir='ltr'>Pers.</span> <span class='ocrx_word' id='word_1_476' title='bbox 1269 3867 1322 3934; x_wconf 85' lang='lat' dir='ltr'>IV</span> <span class='ocrx_word' id='word_1_477' title='bbox 1337 3873 1391 3934; x_wconf 88' lang='lat'>36:</span> <span class='ocrx_word' id='word_1_478' title='bbox 1417 3867 1627 3948; x_wconf 86' lang='lat' dir='ltr'>,runcare“</span> <span class='ocrx_word' id='word_1_479' title='bbox 1645 3865 1710 3930; x_wconf 48' lang='lat' dir='ltr'>ite.</span> <span class='ocrx_word' id='word_1_480' title='bbox 1725 3865 1843 3930; x_wconf 91' lang='lat' dir='ltr'>herhas</span> <span class='ocrx_word' id='word_1_481' title='bbox 1858 3863 1989 3930; x_wconf 90' lang='lat' dir='ltr'>inutiles</span> <span class='ocrx_word' id='word_1_482' title='bbox 2004 3863 2148 3946; x_wconf 86' lang='lat' dir='ltr'>evellere,</span> 
     </span>
     <span class='ocr_line' id='line_1_37' title="bbox 211 3967 1941 4054; baseline 0 -20"><span class='ocrx_word' id='word_1_483' title='bbox 211 3969 349 4050; x_wconf 91' lang='lat' dir='ltr'>positum</span> <span class='ocrx_word' id='word_1_484' title='bbox 372 3973 423 4033; x_wconf 89' lang='lat' dir='ltr'>est</span> <span class='ocrx_word' id='word_1_485' title='bbox 444 3987 501 4050; x_wconf 93' lang='lat' dir='ltr'>pro</span> <span class='ocrx_word' id='word_1_486' title='bbox 527 3967 718 4050; x_wconf 84' lang='lat' dir='ltr'>,depilare“.</span> <span class='ocrx_word' id='word_1_487' title='bbox 742 4007 785 4017; x_wconf 90' lang='lat'>—</span> <span class='ocrx_word' id='word_1_488' title='bbox 807 3968 862 4034; x_wconf 90' lang='lat' dir='ltr'>Ab</span> <span class='ocrx_word' id='word_1_489' title='bbox 885 3969 1051 4036; x_wconf 89' lang='lat' dir='ltr'>arantibus</span> <span class='ocrx_word' id='word_1_490' title='bbox 1072 3971 1176 4052; x_wconf 89' lang='lat' dir='ltr'>petita</span> <span class='ocrx_word' id='word_1_491' title='bbox 1197 3976 1248 4037; x_wconf 94' lang='lat' dir='ltr'>est</span> <span class='ocrx_word' id='word_1_492' title='bbox 1270 3969 1387 4037; x_wconf 91' lang='lat' dir='ltr'>locutio</span> <span class='ocrx_word' id='word_1_493' title='bbox 1410 3968 1623 4035; x_wconf 87' lang='lat' dir='ltr'>Iuveuahana</span> <span class='ocrx_word' id='word_1_494' title='bbox 1644 3968 1728 4054; x_wconf 87' lang='lat' dir='ltr'>(VII</span> <span class='ocrx_word' id='word_1_495' title='bbox 1752 3973 1793 4033; x_wconf 85' lang='lat'>48</span> <span class='ocrx_word' id='word_1_496' title='bbox 1816 3973 1850 4033; x_wconf 92' lang='lat' dir='ltr'>et</span> <span class='ocrx_word' id='word_1_497' title='bbox 1872 3967 1941 4053; x_wconf 83' lang='grc'>49);</span> 
     </span>
    </p>

    <p class='ocr_par' dir='ltr' id='par_1_8' title="bbox 468 4071 1143 4154">
     <span class='ocr_line' id='line_1_38' title="bbox 468 4071 1143 4154; baseline 0.004 -16"><span class='ocrx_word' id='word_1_498' title='bbox 468 4121 613 4154; x_wconf 89' lang='lat'>.....</span> <span class='ocrx_word' id='word_1_499' title='bbox 636 4071 786 4152; x_wconf 88' lang='lat' dir='ltr'>tenuique</span> <span class='ocrx_word' id='word_1_500' title='bbox 809 4073 841 4137; x_wconf 87' lang='lat' dir='ltr'>ln</span> <span class='ocrx_word' id='word_1_501' title='bbox 864 4073 994 4154; x_wconf 88' lang='lat' dir='ltr'>pulvere</span> <span class='ocrx_word' id='word_1_502' title='bbox 1017 4073 1143 4141; x_wconf 89' lang='lat' dir='ltr'>sulcos</span> 
     </span>
    </p>

    <p class='ocr_par' dir='ltr' id='par_1_9' title="bbox 209 4175 2150 4986">
     <span class='ocr_line' id='line_1_39' title="bbox 463 4175 1331 4257; baseline 0.005 -17"><span class='ocrx_word' id='word_1_503' title='bbox 463 4175 646 4241; x_wconf 86' lang='lat' dir='ltr'>Ducimus</span> <span class='ocrx_word' id='word_1_504' title='bbox 669 4181 703 4241; x_wconf 89' lang='lat' dir='ltr'>et</span> <span class='ocrx_word' id='word_1_505' title='bbox 724 4175 802 4242; x_wconf 91' lang='lat' dir='ltr'>litus</span> <span class='ocrx_word' id='word_1_506' title='bbox 825 4175 927 4241; x_wconf 89' lang='lat' dir='ltr'>sterili</span> <span class='ocrx_word' id='word_1_507' title='bbox 948 4195 1144 4243; x_wconf 86' lang='lat' dir='ltr'>versamus</span> <span class='ocrx_word' id='word_1_508' title='bbox 1167 4180 1331 4257; x_wconf 84' lang='lat' dir='ltr'>oratro“‚</span> 
     </span>
     <span class='ocr_line' id='line_1_40' title="bbox 209 4277 2148 4362; baseline -0.001 -17"><span class='ocrx_word' id='word_1_509' title='bbox 209 4280 231 4345; x_wconf 89' lang='lat' dir='ltr'>i.</span> <span class='ocrx_word' id='word_1_510' title='bbox 248 4300 276 4345; x_wconf 89' lang='lat' dir='ltr'>e.</span> <span class='ocrx_word' id='word_1_511' title='bbox 291 4278 415 4345; x_wconf 87' lang='lat' dir='ltr'>frustra</span> <span class='ocrx_word' id='word_1_512' title='bbox 436 4297 564 4360; x_wconf 89' lang='lat' dir='ltr'>operam</span> <span class='ocrx_word' id='word_1_513' title='bbox 586 4278 789 4345; x_wconf 88' lang='lat' dir='ltr'>conterimus.</span> <span class='ocrx_word' id='word_1_514' title='bbox 835 4278 945 4344; x_wconf 81' lang='lat' dir='ltr'>Siarile</span> <span class='ocrx_word' id='word_1_515' title='bbox 960 4284 1011 4344; x_wconf 90' lang='lat' dir='ltr'>est</span> <span class='ocrx_word' id='word_1_516' title='bbox 1025 4285 1169 4346; x_wconf 89' lang='lat' dir='ltr'>nostrum</span> <span class='ocrx_word' id='word_1_517' title='bbox 1188 4283 1295 4362; x_wconf 77' lang='lat' dir='ltr'>,loeus</span> <span class='ocrx_word' id='word_1_518' title='bbox 1310 4279 1401 4345; x_wconf 75' lang='lat' dir='ltr'>Sto-ob</span> <span class='ocrx_word' id='word_1_519' title='bbox 1423 4282 1595 4346; x_wconf 51' lang='lat' dir='ltr'>eleuabant</span> <span class='ocrx_word' id='word_1_520' title='bbox 1611 4317 1654 4328; x_wconf 92' lang='lat'>—</span> <span class='ocrx_word' id='word_1_521' title='bbox 1669 4280 1771 4344; x_wconf 89' lang='lat' dir='ltr'>Porro</span> <span class='ocrx_word' id='word_1_522' title='bbox 1791 4279 1855 4343; x_wconf 91' lang='lat' dir='ltr'>huc</span> <span class='ocrx_word' id='word_1_523' title='bbox 1868 4277 2009 4359; x_wconf 88' lang='lat' dir='ltr'>pertiuet</span> <span class='ocrx_word' id='word_1_524' title='bbox 2024 4295 2148 4344; x_wconf 90' lang='lat' dir='ltr'>versus:</span> 
     </span>
     <span class='ocr_line' id='line_1_41' title="bbox 213 4379 2147 4469; baseline -0.002 -21"><span class='ocrx_word' id='word_1_525' title='bbox 213 4381 322 4467; x_wconf 80' lang='lat' dir='ltr'>,Quae</span> <span class='ocrx_word' id='word_1_526' title='bbox 344 4387 451 4447; x_wconf 87' lang='lat' dir='ltr'>tamen</span> <span class='ocrx_word' id='word_1_527' title='bbox 473 4382 548 4448; x_wconf 88' lang='lat' dir='ltr'>iude</span> <span class='ocrx_word' id='word_1_528' title='bbox 571 4381 685 4464; x_wconf 85' lang='lat' dir='ltr'>seges?</span> <span class='ocrx_word' id='word_1_529' title='bbox 707 4388 813 4448; x_wconf 89' lang='lat' dir='ltr'>terrae</span> <span class='ocrx_word' id='word_1_530' title='bbox 836 4381 907 4464; x_wconf 88' lang='lat' dir='ltr'>quis</span> <span class='ocrx_word' id='word_1_531' title='bbox 922 4381 1047 4449; x_wconf 85' lang='lat' dir='ltr'>fruotus</span> <span class='ocrx_word' id='word_1_532' title='bbox 1062 4384 1234 4465; x_wconf 79' lang='lat' dir='ltr'>apertue?“</span> <span class='ocrx_word' id='word_1_533' title='bbox 1261 4387 1346 4468; x_wconf 80' lang='lat' dir='ltr'>(Iuv.</span> <span class='ocrx_word' id='word_1_534' title='bbox 1362 4384 1434 4451; x_wconf 92' lang='lat' dir='ltr'>VII</span> <span class='ocrx_word' id='word_1_535' title='bbox 1450 4384 1527 4469; x_wconf 90' lang='grc'>103)</span> <span class='ocrx_word' id='word_1_536' title='bbox 1550 4382 1621 4467; x_wconf 79' lang='lat' dir='ltr'>Quo</span> <span class='ocrx_word' id='word_1_537' title='bbox 1636 4382 1705 4448; x_wconf 88' lang='lat' dir='ltr'>loco</span> <span class='ocrx_word' id='word_1_538' title='bbox 1723 4383 1882 4464; x_wconf 89' lang='lat' dir='ltr'>„seges“</span> <span class='ocrx_word' id='word_1_539' title='bbox 1900 4385 1934 4445; x_wconf 89' lang='lat' dir='ltr'>et</span> <span class='ocrx_word' id='word_1_540' title='bbox 1951 4379 2147 4462; x_wconf 61' lang='lat' dir='ltr'>„fructum</span> 
     </span>
     <span class='ocr_line' id='line_1_42' title="bbox 210 4482 2150 4573; baseline -0.001 -22"><span class='ocrx_word' id='word_1_541' title='bbox 210 4486 397 4567; x_wconf 87' lang='lat' dir='ltr'>metaphora</span> <span class='ocrx_word' id='word_1_542' title='bbox 419 4485 510 4552; x_wconf 94' lang='lat' dir='ltr'>nobis</span> <span class='ocrx_word' id='word_1_543' title='bbox 532 4485 609 4550; x_wconf 90' lang='lat' dir='ltr'>item</span> <span class='ocrx_word' id='word_1_544' title='bbox 630 4485 722 4551; x_wconf 89' lang='lat' dir='ltr'>licita</span> <span class='ocrx_word' id='word_1_545' title='bbox 743 4485 849 4568; x_wconf 89' lang='lat' dir='ltr'>posita</span> <span class='ocrx_word' id='word_1_546' title='bbox 871 4493 947 4550; x_wconf 91' lang='lat' dir='ltr'>sunt</span> <span class='ocrx_word' id='word_1_547' title='bbox 966 4487 1008 4552; x_wconf 76' lang='lat' dir='ltr'>ari</span> <span class='ocrx_word' id='word_1_548' title='bbox 1022 4487 1144 4553; x_wconf 89' lang='lat' dir='ltr'>lucrum</span> <span class='ocrx_word' id='word_1_549' title='bbox 1160 4486 1412 4573; x_wconf 87' lang='lat' dir='ltr'>significandum,</span> <span class='ocrx_word' id='word_1_550' title='bbox 1435 4488 1519 4569; x_wconf 88' lang='lat' dir='ltr'>quod</span> <span class='ocrx_word' id='word_1_551' title='bbox 1534 4486 1708 4566; x_wconf 84' lang='lat' dir='ltr'>scriptores</span> <span class='ocrx_word' id='word_1_552' title='bbox 1723 4483 1855 4565; x_wconf 85' lang='lat' dir='ltr'>capiunt</span> <span class='ocrx_word' id='word_1_553' title='bbox 1870 4503 1911 4549; x_wconf 88' lang='lat' dir='ltr'>ex</span> <span class='ocrx_word' id='word_1_554' title='bbox 1925 4483 2034 4549; x_wconf 88' lang='lat' dir='ltr'>labore</span> <span class='ocrx_word' id='word_1_555' title='bbox 2049 4482 2150 4566; x_wconf 91' lang='lat' dir='ltr'>operi·</span> 
     </span>
     <span class='ocr_line' id='line_1_43' title="bbox 210 4584 2150 4671; baseline -0.001 -17"><span class='ocrx_word' id='word_1_556' title='bbox 210 4590 342 4669; x_wconf 88' lang='lat' dir='ltr'>busque.</span> <span class='ocrx_word' id='word_1_557' title='bbox 386 4587 537 4654; x_wconf 86' lang='lat' dir='ltr'>Historia</span> <span class='ocrx_word' id='word_1_558' title='bbox 558 4608 578 4654; x_wconf 89' lang='lat' dir='ltr'>a</span> <span class='ocrx_word' id='word_1_559' title='bbox 601 4588 808 4669; x_wconf 88' lang='lat' dir='ltr'>scriptoribus</span> <span class='ocrx_word' id='word_1_560' title='bbox 831 4588 1007 4669; x_wconf 88' lang='lat' dir='ltr'>composita</span> <span class='ocrx_word' id='word_1_561' title='bbox 1027 4595 1161 4657; x_wconf 90' lang='lat' dir='ltr'>vocatur</span> <span class='ocrx_word' id='word_1_562' title='bbox 1186 4595 1315 4668; x_wconf 88' lang='lat' dir='ltr'>,terra</span> <span class='ocrx_word' id='word_1_563' title='bbox 1337 4592 1497 4671; x_wconf 76' lang='lat' dir='ltr'>aperta⁸⁴</span> <span class='ocrx_word' id='word_1_564' title='bbox 1522 4589 1544 4655; x_wconf 91' lang='lat' dir='ltr'>i.</span> <span class='ocrx_word' id='word_1_565' title='bbox 1567 4607 1594 4654; x_wconf 90' lang='lat' dir='ltr'>e.</span> <span class='ocrx_word' id='word_1_566' title='bbox 1620 4586 1707 4653; x_wconf 88' lang='lat' dir='ltr'>culta</span> <span class='ocrx_word' id='word_1_567' title='bbox 1728 4605 1844 4669; x_wconf 88' lang='lat' dir='ltr'>magno</span> <span class='ocrx_word' id='word_1_568' title='bbox 1866 4584 1986 4651; x_wconf 90' lang='lat' dir='ltr'>labore.</span> <span class='ocrx_word' id='word_1_569' title='bbox 2028 4585 2150 4652; x_wconf 85' lang='lat' dir='ltr'>Similis</span> 
     </span>
     <span class='ocr_line' id='line_1_44' title="bbox 210 4688 2149 4776; baseline -0.003 -18"><span class='ocrx_word' id='word_1_570' title='bbox 210 4703 261 4759; x_wconf 86' lang='lat' dir='ltr'>est</span> <span class='ocrx_word' id='word_1_571' title='bbox 282 4692 398 4758; x_wconf 90' lang='lat' dir='ltr'>locutio</span> <span class='ocrx_word' id='word_1_572' title='bbox 421 4692 617 4759; x_wconf 88' lang='lat' dir='ltr'>Germanica</span> <span class='ocrx_word' id='word_1_573' title='bbox 643 4693 716 4776; x_wconf 60' lang='lat' dir='ltr'>,aas</span> <span class='ocrx_word' id='word_1_574' title='bbox 740 4688 840 4756; x_wconf 76' lang='lat' dir='ltr'>Genu</span> <span class='ocrx_word' id='word_1_575' title='bbox 863 4691 972 4775; x_wconf 72' lang='lat' dir='ltr'>(Felrl)</span> <span class='ocrx_word' id='word_1_576' title='bbox 998 4693 1052 4756; x_wconf 74' lang='lat' dir='ltr'>cla·</span> <span class='ocrx_word' id='word_1_577' title='bbox 1075 4692 1244 4758; x_wconf 78' lang='lat' dir='ltr'>Geacliclte</span> <span class='ocrx_word' id='word_1_578' title='bbox 1265 4693 1459 4759; x_wconf 79' lang='lat' dir='ltr'>bearbeilea“.</span> <span class='ocrx_word' id='word_1_579' title='bbox 1475 4730 1518 4741; x_wconf 96' lang='lat'><em>-</em></span> <span class='ocrx_word' id='word_1_580' title='bbox 1533 4693 1605 4760; x_wconf 90' lang='lat' dir='ltr'>Iuv.</span> <span class='ocrx_word' id='word_1_581' title='bbox 1627 4690 1717 4757; x_wconf 89' lang='lat' dir='ltr'>XIV</span> <span class='ocrx_word' id='word_1_582' title='bbox 1733 4697 1788 4756; x_wconf 82' lang='lat'>25:</span> <span class='ocrx_word' id='word_1_583' title='bbox 1814 4688 2033 4773; x_wconf 81' lang='lat' dir='ltr'>„rusticus“</span> <span class='ocrx_word' id='word_1_584' title='bbox 2053 4688 2149 4772; x_wconf 86' lang='lat' dir='ltr'>sigui·</span> 
     </span>
     <span class='ocr_line' id='line_1_45' title="bbox 209 4792 2149 4880; baseline -0.002 -20"><span class='ocrx_word' id='word_1_585' title='bbox 209 4797 286 4860; x_wconf 89' lang='lat' dir='ltr'>licat</span> <span class='ocrx_word' id='word_1_586' title='bbox 306 4796 466 4861; x_wconf 91' lang='lat' dir='ltr'>hominem</span> <span class='ocrx_word' id='word_1_587' title='bbox 488 4795 647 4861; x_wconf 89' lang='lat' dir='ltr'>stolidum.</span> <span class='ocrx_word' id='word_1_588' title='bbox 691 4795 814 4861; x_wconf 87' lang='lat' dir='ltr'>Eodem</span> <span class='ocrx_word' id='word_1_589' title='bbox 836 4795 977 4877; x_wconf 90' lang='lat' dir='ltr'>pertinet</span> <span class='ocrx_word' id='word_1_590' title='bbox 991 4797 1227 4863; x_wconf 88' lang='lat' dir='ltr'>substantivum</span> <span class='ocrx_word' id='word_1_591' title='bbox 1244 4796 1429 4880; x_wconf 85' lang='lat' dir='ltr'>‚‚fossor“,</span> <span class='ocrx_word' id='word_1_592' title='bbox 1451 4796 1485 4860; x_wconf 91' lang='lat' dir='ltr'>in</span> <span class='ocrx_word' id='word_1_593' title='bbox 1500 4796 1591 4861; x_wconf 89' lang='lat' dir='ltr'>Pers.</span> <span class='ocrx_word' id='word_1_594' title='bbox 1608 4813 1634 4860; x_wconf 93' lang='lat' dir='ltr'>s.</span> <span class='ocrx_word' id='word_1_595' title='bbox 1649 4793 1682 4861; x_wconf 91' lang='lat' dir='ltr'><strong>V</strong></span> <span class='ocrx_word' id='word_1_596' title='bbox 1699 4799 1760 4859; x_wconf 88' lang='grc'>122</span> <span class='ocrx_word' id='word_1_597' title='bbox 1775 4792 1914 4874; x_wconf 88' lang='lat' dir='ltr'>positum</span> <span class='ocrx_word' id='word_1_598' title='bbox 1934 4793 1975 4860; x_wconf 90' lang='lat' dir='ltr'>ad</span> <span class='ocrx_word' id='word_1_599' title='bbox 1990 4793 2149 4858; x_wconf 93' lang='lat' dir='ltr'>homiuem</span> 
     </span>
     <span class='ocr_line' id='line_1_46' title="bbox 210 4895 1941 4986; baseline -0.002 -22"><span class='ocrx_word' id='word_1_600' title='bbox 210 4898 452 4982; x_wconf 87' lang='lat' dir='ltr'>significandum</span> <span class='ocrx_word' id='word_1_601' title='bbox 475 4898 586 4964; x_wconf 90' lang='lat' dir='ltr'>rudem</span> <span class='ocrx_word' id='word_1_602' title='bbox 610 4905 706 4980; x_wconf 88' lang='lat' dir='ltr'>atque</span> <span class='ocrx_word' id='word_1_603' title='bbox 728 4897 917 4980; x_wconf 91' lang='lat' dir='ltr'>impolitum.</span> <span class='ocrx_word' id='word_1_604' title='bbox 964 4899 1090 4986; x_wconf 81' lang='lat' dir='ltr'>Quoia</span> <span class='ocrx_word' id='word_1_605' title='bbox 1112 4918 1171 4966; x_wconf 91' lang='lat' dir='ltr'>usu</span> <span class='ocrx_word' id='word_1_606' title='bbox 1194 4899 1353 4965; x_wconf 86' lang='lat' dir='ltr'>translato</span> <span class='ocrx_word' id='word_1_607' title='bbox 1375 4905 1527 4967; x_wconf 86' lang='lat' dir='ltr'>versatur</span> <span class='ocrx_word' id='word_1_608' title='bbox 1547 4903 1693 4963; x_wconf 88' lang='lat' dir='ltr'>nostrum</span> <span class='ocrx_word' id='word_1_609' title='bbox 1718 4895 1876 4980; x_wconf 65' lang='lat' dir='ltr'>,Baaml¹</span> <span class='ocrx_word' id='word_1_610' title='bbox 1900 4933 1941 4946; x_wconf 91' lang='lat'>-</span> 
     </span>
    </p>
   </div>
   <div class='ocr_carea' id='block_1_3' title="bbox 362 4999 2148 5085">
    <p class='ocr_par' dir='ltr' id='par_1_10' title="bbox 362 4999 2148 5085">
     <span class='ocr_line' id='line_1_47' title="bbox 362 4999 2148 5085; baseline -0.002 -19"><span class='ocrx_word' id='word_1_611' title='bbox 362 5003 440 5066; x_wconf 87' lang='lat' dir='ltr'>Huc</span> <span class='ocrx_word' id='word_1_612' title='bbox 462 5002 618 5067; x_wconf 88' lang='lat' dir='ltr'>accedant</span> <span class='ocrx_word' id='word_1_613' title='bbox 639 5000 867 5069; x_wconf 89' lang='lat' dir='ltr'>translationes</span> <span class='ocrx_word' id='word_1_614' title='bbox 889 5027 910 5074; x_wconf 88' lang='lat' dir='ltr'>a</span> <span class='ocrx_word' id='word_1_615' title='bbox 933 5007 1116 5076; x_wconf 84' lang='lat' dir='ltr'>venatione</span> <span class='ocrx_word' id='word_1_616' title='bbox 1143 5003 1274 5085; x_wconf 86' lang='lat' dir='ltr'>petitae.</span> <span class='ocrx_word' id='word_1_617' title='bbox 1319 5000 1505 5068; x_wconf 79' lang='lat' dir='ltr'>Cuiusmodi</span> <span class='ocrx_word' id='word_1_618' title='bbox 1525 5001 1732 5083; x_wconf 88' lang='lat' dir='ltr'>metaphorae</span> <span class='ocrx_word' id='word_1_619' title='bbox 1761 5007 1837 5066; x_wconf 92' lang='lat' dir='ltr'>suot</span> <span class='ocrx_word' id='word_1_620' title='bbox 1863 5001 1896 5066; x_wconf 93' lang='lat' dir='ltr'>iu</span> <span class='ocrx_word' id='word_1_621' title='bbox 1922 5000 2014 5066; x_wconf 90' lang='lat' dir='ltr'>Pers.</span> <span class='ocrx_word' id='word_1_622' title='bbox 2042 4999 2148 5065; x_wconf 75' lang='lat' dir='ltr'>s2111</span> 
     </span>
    </p>
   </div>
   <div class='ocr_carea' id='block_1_4' title="bbox 308 5093 1492 5378">
    <p class='ocr_par' dir='ltr' id='par_1_11' title="bbox 308 5093 1492 5378">
     <span class='ocr_line' id='line_1_48' title="bbox 308 5093 558 5136; baseline -0.012 -13"><span class='ocrx_word' id='word_1_623' title='bbox 308 5094 351 5099; x_wconf 78' lang='grc'>““</span> <span class='ocrx_word' id='word_1_624' title='bbox 363 5093 484 5136; x_wconf 57' lang='lat' dir='ltr'>f—</span> <span class='ocrx_word' id='word_1_625' title='bbox 502 5093 517 5120; x_wconf 67' lang='lat'><em>7</em></span> <span class='ocrx_word' id='word_1_626' title='bbox 545 5108 558 5132; x_wconf 58' lang='lat'>,-</span> 
     </span>
     <span class='ocr_line' id='line_1_49' title="bbox 362 5104 1492 5243; baseline -0.002 -17"><span class='ocrx_word' id='word_1_627' title='bbox 362 5104 593 5241; x_wconf 46' lang='grc' dir='ltr'>*22οὲ1ιξίιιθ.ιηι1ι’1[οέ1</span> <span class='ocrx_word' id='word_1_628' title='bbox 603 5104 648 5227; x_wconf 59' lang='lat' dir='ltr'>3aid:</span> <span class='ocrx_word' id='word_1_629' title='bbox 666 5104 749 5226; x_wconf 54' lang='grc' dir='ltr'>1Νιῗιιὶ</span> <span class='ocrx_word' id='word_1_630' title='bbox 767 5175 979 5229; x_wconf 88' lang='lat' dir='ltr'>mortllerum</span> <span class='ocrx_word' id='word_1_631' title='bbox 998 5179 1165 5243; x_wconf 84' lang='lat' dir='ltr'>quaestoris,</span> <span class='ocrx_word' id='word_1_632' title='bbox 1184 5174 1319 5239; x_wconf 75' lang='lat' dir='ltr'>(lustrico,</span> <span class='ocrx_word' id='word_1_633' title='bbox 1342 5175 1368 5225; x_wconf 93' lang='lat' dir='ltr'>sl</span> <span class='ocrx_word' id='word_1_634' title='bbox 1375 5171 1492 5242; x_wconf 78' lang='lat' dir='ltr'>gnum?</span> 
     </span>
     <span class='ocr_line' id='line_1_50' title="bbox 362 5241 759 5310; baseline 0.005 -16"><span class='ocrx_word' id='word_1_635' title='bbox 362 5241 423 5310; x_wconf 79' lang='lat'>***)</span> <span class='ocrx_word' id='word_1_636' title='bbox 442 5241 476 5294; x_wconf 85' lang='lat' dir='ltr'>ol.</span> <span class='ocrx_word' id='word_1_637' title='bbox 495 5241 627 5294; x_wconf 86' lang='lat' dir='ltr'>Heinrich</span> <span class='ocrx_word' id='word_1_638' title='bbox 647 5241 681 5294; x_wconf 87' lang='lat' dir='ltr'>od</span> <span class='ocrx_word' id='word_1_639' title='bbox 699 5241 717 5296; x_wconf 91' lang='lat' dir='ltr'>l.</span> <span class='ocrx_word' id='word_1_640' title='bbox 737 5259 759 5296; x_wconf 90' lang='lat' dir='ltr'>c.</span> 
     </span>
     <span class='ocr_line' id='line_1_51' title="bbox 362 5307 714 5378; baseline 0.003 -15"><span class='ocrx_word' id='word_1_641' title='bbox 362 5310 395 5378; x_wconf 84' lang='lat'>†)</span> <span class='ocrx_word' id='word_1_642' title='bbox 414 5310 448 5362; x_wconf 84' lang='lat' dir='ltr'>et.</span> <span class='ocrx_word' id='word_1_643' title='bbox 467 5307 490 5363; x_wconf 93' lang='lat'>0</span> <span class='ocrx_word' id='word_1_644' title='bbox 508 5309 584 5363; x_wconf 83' lang='lat' dir='ltr'>Juhu</span> <span class='ocrx_word' id='word_1_645' title='bbox 602 5310 638 5362; x_wconf 77' lang='lat' dir='ltr'>etl</span> <span class='ocrx_word' id='word_1_646' title='bbox 655 5310 673 5367; x_wconf 91' lang='lat' dir='ltr'>l.</span> <span class='ocrx_word' id='word_1_647' title='bbox 692 5326 714 5365; x_wconf 87' lang='lat' dir='ltr'>c.</span> 
     </span>
    </p>
   </div>
   <div class='ocr_carea' id='block_1_5' title="bbox 0 0 2360 5748">
    <p class='ocr_par' dir='ltr' id='par_1_12' title="bbox 0 0 2360 5748">
     <span class='ocr_line' id='line_1_52' title="bbox 0 0 2360 5748; baseline 0 0"><span class='ocrx_word' id='word_1_648' title='bbox 0 0 2360 5748; x_wconf 95' lang='lat' dir='ltr'> </span> 
     </span>
    </p>
   </div>
  </div>
 </body>
</html>
