4712 5754
1107 223 1365 310 xxm,

202 429 235 500 V
257 436 312 497 35:
335 429 485 512 compita,
507 429 592 496 unde
615 428 793 511 complures
807 427 881 496 viae
898 434 1048 510 tauquam
1065 426 1147 494 rami
1161 426 1196 492 in
1210 426 1356 494 diversas
1372 425 1493 492 ducunt
1508 427 1665 511 regiones,
1690 427 1840 494 dicuntur
1851 449 2011 498 ramosa.
2054 430 2147 515 Quae

202 533 408 616 metaphorae
434 531 627 600 Germanice
653 532 730 599 item
759 531 906 613 usurpari
934 535 1077 613 possunt.
1107 567 1150 578 -
1176 532 1267 596 Pers.
1295 529 1347 595 IV
1375 535 1429 596 39:
1463 529 1519 614 pili
1548 530 1639 597 densi
1669 535 1767 612 atque
1794 533 1962 599 horrentes
1988 540 2146 600 vocantur

203 634 452 720 „plantaria“
475 634 634 721 (nostrum
651 632 890 720 „Gearlppdg
911 634 996 701 idem
1012 632 1213 717 significatur
1226 633 1428 701 substantivo
1445 633 1584 717 „iilix“
1600 634 1658 720 (ib.
1674 634 1740 720 41).
1785 636 1857 704 Iuv.
1873 637 1931 702 IX
1949 644 2003 704 15:
2021 636 2147 720 „silva

203 740 367 806 comae“.
390 773 432 786 —
453 739 546 806 Pers.
569 739 608 804 H
631 745 687 805 66:
711 739 857 822 „baca“
881 739 921 804 ob
936 737 1175 805 similitudinem
1195 757 1253 821 pro
1268 737 1453 822 margarita.
1469 776 1512 785 -
1526 739 1598 805 Iuv.
1614 737 1712 804 XIII
1728 745 1782 804 68:
1807 757 2023 822 „examenque
2038 740 2146 824 apium

201 844 322 927 longa
343 841 525 910 consederit
544 860 619 910 uva
640 841 777 909 culmine
798 840 955 908 delubri“.
970 878 1013 888 —
1027 842 1118 908 Pers.
1133 841 1174 906 H
1196 848 1251 906 38:
1275 840 1483 924 „quicquid
1504 840 1723 909 calcaverit
1743 842 1817 924 hic,
1841 861 1930 910 rosa
1950 842 2063 910 liat!“
2078 843 2100 910 i.
2117 863 2145 910 e.

202 947 342 1012 mamma
363 944 525 1012 alliciatur
545 943 702 1012 felicitate
725 943 917 1027 deorumque
938 943 1060 1012 lavore.
1105 943 1217 1011 Simile
1238 950 1289 1012 est
1309 950 1453 1011 nosunm
1476 944 1560 1028 „dolf
1579 943 1677 1008 Rosea
1699 946 1868 1011 wandala&
1892 947 2144 1015 -Iuv.168:

204 1051 398 1134 „gemma“
421 1068 479 1132 pro
503 1048 597 1115 anulo
619 1047 805 1132 signatorio.
828 1083 871 1096 -
893 1048 966 1115 Inv.
988 1048 1029 1114 H
1053 1055 1127 1114 128:
1159 1047 1264 1130 „unde
1285 1049 1366 1114 haec
1388 1047 1506 1132 tetigit,
1536 1048 1691 1132 Gradive,
1721 1054 1794 1115 tuos
1815 1049 1943 1116 urtica
1969 1049 2143 1133 nepotes?“

204 1153 275 1239 Quo
296 1153 367 1220 loco
388 1152 524 1219 urtica
545 1151 708 1236 siguificat
727 1151 933 1236 pruriginem.
955 1188 999 1199 —
1021 1152 1093 1218 Iuv.
1115 1153 1147 1222 V
1171 1157 1226 1218 56:
1248 1150 1416 1235 pocillator
1437 1157 1572 1218 vocatur
1594 1150 1698 1234 „flos
1720 1151 1876 1219 Asiae“.
1897 1190 1939 1201 -
1954 1155 2102 1238 Imagine
2125 1173 2145 1221 a

203 1256 322 1340 plantis
341 1255 573 1339 pullulantibus
595 1260 722 1338 sumpta
745 1253 785 1320 de
805 1254 941 1338 pecunia
963 1254 1083 1320 dictum
1106 1261 1156 1322 est
1176 1255 1211 1320 in
1231 1256 1304 1322 Iuv.
1327 1255 1377 1321 VI
1400 1261 1479 1321 363:
1503 1254 1613 1338 „velut
1627 1256 1784 1322 exhausta
1801 1255 1964 1323 redivivus
1979 1257 2145 1339 pullulet

204 1377 292 1425 arca
313 1361 522 1439 nummus“;
544 1377 616 1426 nos:
638 1358 732 1442 ploiek
748 1359 794 1422 olo
809 1357 845 1422 ob
860 1359 917 1422 dae
933 1355 1010 1422 Golcl
1022 1358 1145 1424 odola.
1190 1359 1274 1424 Item
1290 1358 1444 1440 aplantis
1457 1358 1561 1442 petita
1575 1365 1626 1424 est
1644 1358 1762 1425 locutio
1779 1358 2020 1440 „fruticante
2038 1360 2144 1443 pilo“

203 1462 290 1547 (Iuv.
312 1463 371 1528 IX
395 1467 460 1541 15).
476 1499 519 1510 -
533 1464 605 1530 Iuv.
619 1463 692 1531 VII
714 1469 791 1528 203:
816 1460 1002 1546 „Paenituit
1019 1462 1136 1527 mutos
1151 1480 1254 1528 vanae
1277 1461 1506 1544 sterilisque
1528 1461 1763 1529 cathedrae“
1778 1462 1799 1530 i.
1816 1481 1843 1529 e.
1860 1483 1900 1529 ex
1915 1482 1977 1545 qua
1992 1469 2144 1545 quiaestus

203 1565 322 1648 percipi
344 1585 409 1632 non
430 1570 546 1648 potest
591 1565 728 1632 Locutio
750 1565 912 1631 contram
933 1563 1096 1632 invenitur
1116 1563 1159 1630 ib.
1183 1572 1238 1630 98:
1262 1564 1402 1648 „labor
1423 1563 1656 1632 fecundior.“
1682 1602 1723 1614 -

355 1669 538 1750 Sequantur
551 1669 758 1751 metaphorae
773 1692 794 1737 a
810 1673 933 1740 bestiis
949 1667 1165 1752 omnibusque,
1188 1687 1269 1750 quae
1284 1667 1326 1733 ad
1341 1686 1395 1734 eas
1410 1667 1581 1751 pertinent,
1604 1669 1735 1750 petitae.
1781 1668 1968 1736 Canicula
1983 1670 2145 1754 significat

203 1771 339 1855 stellam,
363 1772 415 1838 cui
435 1791 551 1839 nomen
573 1771 736 1838 caniculae
758 1776 817 1854 est,
841 1771 997 1853 simulque
1019 1771 1165 1838 ardorem
1188 1771 1333 1837 canicula
1354 1776 1426 1838 orta
1447 1771 1620 1838 maximum
1635 1771 1740 1858 (Pers.
1756 1773 1815 1839 III
1831 1780 1864 1838 5:
1888 1773 1990 1840 siccas
2004 1773 2143 1841 insana

205 1875 384 1943 canicula
405 1894 549 1942 messes
571 1873 730 1960 coquit);
753 1892 834 1956 quae
854 1875 961 1958 imago
984 1875 1017 1940 in
1039 1893 1185 1941 sermone
1207 1873 1398 1942 Germanico
1420 1873 1498 1940 item
1519 1874 1640 1942 usitata
1656 1881 1714 1942 est
1758 1877 1860 1943 Porro
1876 1876 2068 1942 caniculam
2083 1897 2143 1944 usu

205 1983 255 2044 est
277 1978 317 2044 de
337 1979 425 2045 iactu
447 1979 537 2045 aleae
557 1978 776 2045 infelicissimo
799 1977 905 2064 (Pers.
920 1978 979 2044 111
995 1985 1050 2043 49:
1073 1977 1257 2044 damnosa
1278 1977 1456 2043 canicula
1471 1984 1623 2058 quantum
1640 1977 1796 2064 raderet);
1818 1999 1877 2046 nos
1891 1979 2010 2046 iactum
2024 1981 2143 2048 malum

204 2081 381 2165 vulgariter
400 2081 479 2149 item
500 2099 651 2148 vocamus
674 2079 927 2166 „Hondaworf“.
943 2118 984 2128 -
999 2082 1072 2147 Iuv.
1086 2080 1135 2148 Vl
1153 2087 1210 2146 64:
1234 2079 1425 2163 „Appula
1447 2080 1599 2164 gannit,
1622 2081 1706 2148 sicut
1719 2081 1753 2148 in
1767 2082 1949 2164 amplexu“;
1969 2084 2142 2170 gannire,

204 2185 365 2268 proprium
387 2204 511 2268 canum,
541 2183 733 2251 tanslatum
755 2189 806 2250 est
827 2183 869 2249 ad
890 2183 1041 2250 feminam
1062 2182 1195 2249 libidine
1224 2203 1342 2268 magna
1368 2189 1567 2251 commotam.
1595 2221 1636 2233 -
1666 2185 1757 2252 Pers.
1779 2186 1811 2253 V
1836 2193 1913 2252 117:
1948 2193 2143 2269 „astutam

204 2288 320 2371 vapido
342 2307 453 2355 servas
476 2288 535 2355 sub
556 2293 686 2371 pectore
708 2287 883 2368 vulpem“
906 2287 928 2352 i.
952 2305 979 2353 e.
996 2285 1157 2354 astutiam.
1201 2285 1285 2352 Nos:
1301 2289 1348 2352 ein
1362 2289 1586 2372 ver-nctlopeno·
1601 2287 1713 2354 Facta.
1730 2325 1772 2335 -
1785 2289 1876 2356 Pers.
1890 2290 1942 2359 IV
1960 2298 2013 2356 15:
2030 2309 2142 2374 „cau-

205 2391 288 2457 dam
309 2391 486 2458 iactare“
508 2410 566 2473 pro
589 2391 714 2475 „gloria
735 2395 769 2456 et
790 2390 1028 2472 praedicatione
1050 2407 1086 2455 se
1108 2389 1254 2470 efferre“;
1276 2409 1357 2472 quae
1378 2393 1565 2474 metaphora
1587 2390 1690 2474 petita
1711 2397 1762 2458 est
1784 2392 1824 2457 ab
1846 2393 1944 2475 aquia,
1968 2393 2021 2476 qui
2041 2394 2143 2478 gradu

203 2495 387 2562 incedentes
409 2497 545 2578 superbo
569 2493 703 2561 caudam
724 2493 857 2560 iactant.
881 2531 922 2541 -
944 2493 999 2561 Ab
1022 2513 1173 2577 equorum
1196 2493 1296 2559 benis
1317 2495 1417 2560 verba
1439 2494 1711 2578 „astringere“
1735 2499 1768 2562 et
1791 2495 1972 2580 „laxare“
1995 2497 2028 2562 in
2051 2498 2141 2564 Pers.

204 2615 229 2665 s.
251 2599 284 2668 V
308 2607 368 2665 110
391 2598 551 2666 manslata
573 2603 649 2665 sunt
671 2597 712 2664 ad
734 2596 885 2682 maaria
907 2597 1084 2664 claudenda
1106 2604 1140 2664 et
1161 2597 1343 2678 aperienda.
1387 2598 1512 2664 Eodem
1533 2596 1702 2665 referenda
1723 2605 1774 2665 est
1794 2599 1912 2667 locutio
1932 2599 2143 2668 Iuvenaliana

204 2701 306 2786 (VIII
328 2705 399 2783 88):
423 2721 549 2787 „pone
569 2702 652 2768 irae
673 2700 823 2782 frena“;
849 2720 921 2768 nos:
945 2701 1026 2785 „lopo
1048 2702 1116 2765 dem
1138 2700 1238 2764 Zomo
1259 2700 1358 2783 Ziipel
1378 2702 1451 2766 an“.
1473 2737 1515 2748 —
1530 2702 1601 2768 Iuv.
1624 2701 1720 2768 XIII
1743 2709 1799 2768 22:
1823 2703 1965 2784 „iactae
1986 2705 2141 2787 iugum“

202 2805 223 2871 i.
247 2823 274 2871 e.
297 2805 386 2872 vitae
407 2805 606 2872 incommoda
628 2811 725 2887 atque
746 2805 886 2886 labores;
916 2823 989 2870 nos:
1017 2829 1091 2882 „orn
1112 2805 1191 2868 Jocb
1215 2804 1356 2869 tudelae
1380 2804 1586 2873 -1uv.v1
1615 2811 1670 2871 43:
1703 2805 1899 2888 „maritali
1919 2806 1985 2872 iam
2007 2807 2143 2892 porrigit

204 2927 260 2975 ora
293 2909 505 2990 capistro“;
537 2915 681 2976 nostrum
702 2907 896 2991 „Ebejocu‘e
918 2945 959 2956 -
984 2908 1056 2994 Quo
1078 2909 1147 2976 loco
1171 2913 1454 2974 commemorentur
1475 2907 1646 2974 nonnullae
1667 2909 1895 2976 translationes
1917 2910 2141 2994 pervulgatae:

205 3011 403 3094 „mordaci
423 3013 537 3078 radere
559 3014 675 3079 vero“
698 3010 945 3099 (Pers.1107);
969 3012 1075 3096 „ioco
1097 3011 1295 3078 mordente
1310 3010 1454 3077 fanetum
1471 3009 1556 3097 (Iuv.
1573 3012 1629 3076 IX
1648 3011 1715 3097 10);
1739 3012 1990 3096 „indomitum
2005 3015 2141 3080 Faler-

203 3117 311 3181 nnnn“
335 3113 1033 3198 (ΡενεΉΙ3;1101;,,1ο1’1111ν1111111111).
1077 3116 1149 3183 Iuv.
1175 3116 1233 3181 XI
1255 3121 1310 3181 89:
1343 3114 1508 3200 „domito
1536 3115 1678 3182 reterens
1701 3135 1722 3181 a
1747 3120 1875 3182 monte
1902 3117 2070 3200 ligonem“.
2099 3155 2141 3164 -

203 3217 251 3284 Ut
272 3235 332 3284 nos
353 3218 529 3284 bestiarum
551 3219 751 3299 quarundam
773 3219 901 3284 uomiue
919 3217 967 3284 uti
986 3218 1124 3284 solemus
1139 3217 1181 3284 ad
1195 3217 1340 3284 homines
1355 3217 1580 3302 significandos
1596 3217 1751 3304 stupidos,
1773 3218 1821 3284 ita
1835 3217 1993 3286 Romanis
2006 3221 2140 3286 eundern

203 3319 302 3386 aisse
317 3339 437 3386 morem
453 3321 554 3389 unnlta
568 3321 602 3388 in
617 3327 763 3388 veterum
780 3320 910 3403 scriptis
926 3321 1040 3388 docent
1055 3322 1210 3404 exempla.
1247 3322 1322 3387 Huc
1336 3321 1499 3403 pertinent
1512 3321 1584 3388 Iuv.
1599 3321 1638 3388 X
1653 3329 1708 3388 50:
1730 3341 1950 3407 „vervecum
1966 3322 2000 3387 in
2015 3325 2140 3404 patria“

203 3429 236 3488 et
257 3425 330 3490 Iuv.
353 3424 441 3492 XVI
465 3431 520 3491 23:
545 3423 709 3510 „Dignum
732 3423 795 3490 erit
816 3443 893 3507 ergo
916 3424 1141 3490 declamatoris
1163 3423 1306 3491 mulino
1328 3425 1477 3507 corde*)
1493 3425 1651 3508 Vagelli“.
1669 3426 1818 3492 -Pers
1836 3427 1923 3493 147:
1942 3425 2040 3510 „mihi
2059 3446 2141 3494 cor-

202 3543 273 3592 nea
294 3525 330 3611 (i.
353 3548 381 3593 e.
405 3527 474 3594 sine
497 3528 607 3611 sensu)
630 3526 733 3594 fibra
758 3529 839 3596 est·‘.
862 3564 904 3575 -
926 3529 999 3594 Iuv.
1021 3528 1117 3593 XIII
1144 3534 1221 3595 165:
1252 3528 1401 3612 „madido
1431 3533 1667 3610 torquentem
1699 3548 1843 3596 cornua
1869 3529 1987 3612 cirro“;
2021 3549 2141 3596 cornua

203 3628 386 3714 significant
408 3631 514 3697 omues
534 3629 569 3696 in
591 3631 710 3696 nodum
731 3636 843 3698 tortos.
866 3667 908 3678 -
931 3631 971 3696 In
995 3651 1020 3697 s.
1043 3630 1133 3700 XIV
1148 3636 1210 3698 246
1233 3631 1398 3698 Iuvenalis
1420 3632 1460 3697 de
1481 3630 1555 3714 filio,
1579 3631 1631 3712 qui
1656 3632 1750 3698 malis
1770 3633 1871 3714 patris
1887 3633 2069 3715 praeceptis
2083 3633 2140 3701 im·

203 3733 298 3799 butus
321 3751 358 3798 eo
379 3732 445 3798 iam
466 3751 656 3816 progressus
678 3739 729 3799 est
746 3733 970 3818 improbitatis,
992 3739 1030 3800 ut
1051 3733 1148 3799 etiam
1170 3735 1205 3799 in
1226 3741 1352 3816 patrem
1362 3740 1396 3800 et
1410 3733 1599 3818 magistrum
1615 3737 1795 3802 committat
1808 3735 1944 3821 flagitia,
1961 3737 2023 3801 hac
2037 3737 2141 3804 sititur

203 3835 354 3919 imagine:
402 3835 491 3921 „Nec
513 3836 573 3903 tibi
597 3845 748 3918 parcetur
770 3837 895 3923 misero,
918 3836 1140 3918 trepidumque
1161 3837 1353 3920 magistrum

418 3941 459 4004 In
483 3957 583 4005 eavea
606 3959 721 4024 magno
743 3938 873 4006 fremitu
895 3941 954 4006 leo
977 3941 1093 4006 tollet
1115 3940 1324 4008 alumnus“.
1347 3977 1389 3988 —

203 4042 273 4110 Iuv.
296 4043 349 4112 IV
371 4049 411 4108 31
420 4068 427 4109 ;
451 4029 677 4126 „lacerara‘
700 4063 758 4125 pro
782 4044 1026 4127 ,pessumdare
1049 4042 1164 4128 („Oum
1178 4044 1243 4110 iam
1258 4043 1479 4110 semianimum
1494 4043 1655 4110 laceraret
1670 4043 1804 4112 Flavius
1820 4045 1973 4130 orbem‘·).
1989 4083 2031 4092 -
2045 4047 2138 4114 Pers.

200 4145 252 4214 IV
274 4151 330 4215 38:
354 4145 529 4211 membrum
551 4145 644 4212 virile
667 4145 880 4213 translatione
902 4148 1039 4214 obscena
1061 4154 1196 4214 vocatur
1223 4146 1411 4232 gurgulio.
1441 4183 1480 4195 -—
1510 4148 1582 4215 Iuv.
1605 4148 1657 4216 VI
1685 4152 1760 4212 381:
1795 4148 1951 4215 testudo
1978 4149 2140 4232 siguificat

200 4247 358 4315 citharam
380 4249 414 4314 in
437 4248 608 4316 testudinis
631 4248 873 4315 similitudinem
899 4250 1029 4317 factam.
1053 4289 1094 4297 —
1116 4251 1188 4317 Iuv.
1212 4251 1263 4318 VI
1284 4256 1361 4316 419:
1394 4271 1474 4318 vasa
1501 4251 1717 4334 unguentaria
1743 4255 1873 4333 propter
1900 4251 2138 4319 similitudinem

200 4358 356 4418 vocantur
377 4353 553 4419 conchae.
597 4351 677 4418 Aha
701 4353 912 4419 translatione
934 4354 1079 4420 concha
1101 4353 1262 4436 significat
1282 4373 1342 4420 vas
1364 4353 1522 4436 potorium
1545 4353 1629 4437 (Iuv.
1652 4351 1705 4420 VI
1727 4354 1815 4440 304).
1838 4389 1881 4400 -
1905 4355 1974 4421 luv.
1989 4354 2041 4422 VI
2062 4359 2137 4422 641:

201 4455 438 4522 substantivum
461 4455 638 4540 ‚‚vipera‘·
661 4455 767 4538 posita
789 4463 840 4523 est
855 4455 895 4522 de
918 4457 1037 4523 lomina
1059 4457 1207 4539 subdola,
1229 4461 1372 4522 nostrum
1386 4453 1586 4540 „Solamen
1600 4494 1645 4504 —
1659 4456 1731 4523 Iuv.
1747 4457 1804 4522 III
1822 4463 1896 4523 231:
1914 4457 2051 4540 „unius
2068 4476 2138 4524 sese

201 4557 388 4623 dominum
411 4558 527 4625 fecisse
549 4558 748 4626 lacertae“
772 4557 793 4626 i.
817 4577 844 4624 e.
860 4559 1024 4640 possidere
1043 4579 1178 4642 parvum
1193 4560 1346 4644 agellum
1370 4578 1449 4641 quae
1463 4557 1581 4625 locutio
1597 4559 1787 4640 explicanda
1802 4565 1853 4626 est
1867 4559 1929 4644 illo,
1954 4559 2037 4640 quod
2052 4559 2138 4626 inille

198 4659 339 4726 lacertae
360 4667 485 4727 aestate
507 4681 603 4744 agros
625 4660 874 4742 frequentabant
895 4662 1023 4730 Italiae.
1046 4703 1087 4712 --
1111 4663 1337 4728 Translatione
1359 4663 1482 4728 usitata
1504 4681 1597 4746 grex
1625 4661 1787 4746 significat
1808 4663 1969 4730 hominum
1997 4662 2138 4728 multitu-

199 4763 305 4830 dinem
329 4763 413 4847 (luv.
437 4765 489 4832 VI
516 4771 590 4848 1613
615 4769 691 4847 1753
716 4771 791 4848 5333
814 4765 892 4831 XlI
917 4767 1006 4851 11o);
1028 4775 1173 4833 nostrum
1193 4765 1350 4845 „herdae
1368 4803 1409 4812 —
1424 4765 1619 4848 Metaphora
1640 4767 1757 4832 acerba
1779 4765 2136 4851 „pascere“positum

198 4872 250 4933 est
271 4885 328 4948 pro
352 4867 476 4950 „alere“
500 4867 533 4932 in
555 4868 628 4934 Iuv.
652 4886 678 4933 s.
700 4867 759 4932 III
782 4872 842 4933 141
868 4871 979 4952 („quot
1000 4869 1105 4951 pascit
1127 4870 1292 4954 servos?··)
1315 4876 1348 4935 et
1363 4868 1433 4936 VII
1449 4873 1489 4934 93
1507 4873 1633 4953 („quem
1650 4867 1774 4950 pulpita
1788 4871 1976 4952 pascunt“);
1992 4877 2135 4934 nostrum

197 4967 365 5054 „stererat
411 4968 521 5035 Aliter
542 4970 602 5036 hoc
623 4970 756 5037 verbum
780 4970 972 5038 translatum
996 4971 1101 5038 estin
1123 4991 1149 5038 s.
1169 4973 1202 5041 V
1222 4978 1297 5038 150:
1321 4991 1435 5057 „poma
1457 4970 1536 5054 dari,
1560 4989 1694 5053 quorum
1717 4971 1785 5038 solo
1806 4970 1982 5053 pascaris
2006 4971 2135 5054 odore“;

197 5088 269 5138 nos:
292 5071 354 5136 oieb
374 5073 490 5136 wadon
512 5096 553 5136 aa
574 5084 674 5139 aanor.
704 5110 746 5121 —-
773 5074 865 5141 Pers.
889 5073 920 5144 V
950 5079 1024 5140 154:
1050 5075 1219 5158 „duplici
1244 5073 1486 5141 indiversum
1514 5073 1705 5141 scindaris
1732 5073 1879 5159 hamo“;
1913 5093 1993 5156 quae
2020 5073 2136 5140 locutio

199 5174 335 5271 a-pisce,
360 5176 411 5241 cui
434 5175 517 5240 duae
539 5183 615 5242 anto
638 5177 746 5242 oculos
768 5183 941 5244 versantur
961 5177 1167 5262 harundines,
1190 5178 1383 5244 menolatum
1406 5183 1457 5243 est
1479 5176 1521 5244 ad
1540 5177 1708 5262 hominem,
1731 5177 1787 5260 qui
1801 5179 1888 5245 inter
1903 5179 1964 5244 duo
1979 5177 2137 5244 fluctuans

349 5297 378 5364 *)
396 5295 430 5349 cl.
449 5294 542 5350 Plaut.
560 5295 630 5352 Olst.
648 5293 692 5349 IV
709 5296 737 5363 2,
757 5298 802 5352 la:
824 5297 916 5364 „mulo
934 5299 1079 5352 tumidor‘
1098 5303 1128 5352 et
1146 5297 1249 5353 catull.
1267 5299 1312 5362 88,
1329 5297 1359 5351 3:
1380 5296 1486 5363 „mula
1504 5295 1572 5350 nihil
1595 5299 1712 5352 sentire
