4712 5754
1079 259 1176 326 XIII

162 473 202 535 60
225 487 272 550 66.
298 467 475 534 1666616666
499 467 583 552 ,1166
603 466 723 550 aliquid
745 485 806 548 quo
828 464 973 550 666616,
996 469 1030 530 66
1047 463 1081 530 16
1096 464 1179 546 6666
1195 461 1334 548 dirigis
1355 463 1528 530 arcum?“
1551 481 1608 544 pro
1625 465 1768 549 „esttibi
1783 470 1890 532 certus
1905 483 1996 547 6666
2014 465 2098 546 petis

159 569 272 638 finis?“
297 576 331 637 et
355 589 416 654 „an
439 571 583 652 passim
606 569 781 652 sequeris
804 587 939 636 corvos
959 573 1109 650 testaque
1129 567 1299 649 lutoque?“
1324 566 1408 649 qnod
1435 566 1596 651 significat
1618 587 1698 654 enm,
1721 568 1775 650 qui
1794 568 1895 636 vitam
1918 567 2007 652 degit
2028 567 2097 635 inu·

160 675 263 758 61166,
285 674 314 741 16
336 673 429 757 6616,
457 673 511 756 661
533 673 603 741 6166
624 678 713 739 certo
734 676 873 739 venatur
894 670 1036 754 66661116,
1062 671 1215 752 temporis
1237 671 1363 736 terendi
1385 690 1484 737 causa
1505 689 1627 756 corvos,
1655 690 1736 752 quae
1759 677 1835 738 sunt
1856 691 1934 738 aves
1956 670 2095 754 inutiles,

159 779 212 844 vel
233 783 321 846 testa
342 777 470 859 lutoque
493 777 683 859 insequitur.
698 813 742 824 -
756 775 847 842 Pers.
871 773 903 844 V
927 782 980 842 16:
1007 773 1224 858 „defigere“
1254 793 1311 856 pro
1337 774 1570 858 „vituperare“,
1596 776 1747 858 „notare“
1773 774 1946 860 („ingenuo
1970 773 2096 857 661666

160 881 300 965 deligere
321 879 447 964 ludo“);
470 899 552 963 6666
573 880 764 960 metaphora
785 883 913 960 sumpta
936 887 988 943 est
1009 898 1030 943 a
1051 877 1129 943 ieris
1151 877 1255 944 iaculo
1277 875 1423 961 figendis.
1447 913 1488 925 -
1994 861 1998 870 ’

313 983 497 1065 Seqnantur
519 983 749 1051 translationes
771 1006 792 1053 6
813 985 944 1052 6111616
966 987 1062 1063 atque
1084 981 1182 1048 rebus
1204 981 1246 1046 ad
1268 999 1340 1047 eam
1363 981 1583 1062 spectantibus
1606 982 1822 1064 depromptae.
1866 981 2098 1063 Metaphoraa

159 1087 342 1172 sagittariis
364 1087 467 1170 petita
486 1088 521 1154 16
544 1088 634 1155 Pers.
658 1105 684 1156 6.
707 1087 759 1156 IV
781 1091 823 1152 42
846 1086 887 1151 66
908 1084 965 1168 616,
989 1083 1042 1166 661
1065 1083 1199 1152 aliorum
1221 1084 1323 1150 6166
1346 1084 1554 1168 obiurgantes
1575 1084 1638 1167 ipsi
1653 1085 1870 1170 obiurgentur,
1895 1084 2095 1152 dictumest:

162 1191 405 1278 ,06661666
427 1191 524 1274 16666
543 1191 645 1258 vicem
668 1191 892 1274 praebemus
916 1207 1029 1254 crura
1051 1186 1247 1271 sagittis“.
1270 1225 1313 1235 -
1334 1187 1406 1255 Iuv.
1431 1189 1449 1253 I
1473 1193 1526 1254 15:
1549 1186 1696 1254 aedificia
1709 1185 2027 1271 magnificentissima
2041 1205 2096 1256 vo-

159 1299 276 1360 cantur
301 1295 544 1379 „praetoria“
570 1297 726 1381 (nostrum
749 1293 895 1376 Paliae).
938 1291 1109 1358 Praetoria
1132 1297 1223 1356 erant
1245 1291 1456 1358 tabernacula
1476 1290 1705 1373 imperatorum
1726 1289 1958 1374 Romanorum
1985 1291 2095 1357 eodem

158 1398 314 1465 vocabulo
337 1398 603 1482 significabantur
624 1397 771 1464 aedificia
792 1395 975 1478 provinciae
996 1394 1231 1476 praefectorum
1251 1393 1431 1477 magnilica
1447 1429 1488 1441 -
1503 1395 1576 1460 Iuv.
1599 1395 1618 1460 1
1641 1400 1680 1460 91
1705 1399 1738 1459 et
1760 1401 1815 1460 92:
1838 1394 1878 1460 de
1897 1393 1968 1460 alea
1982 1394 2096 1460 intem·

92 1575 96 1584 ,
157 1500 287 1583 peranti
308 1501 521 1569 translatione
544 1522 565 1568 a
585 1521 696 1586 pugna
716 1499 843 1568 ardenti
864 1499 967 1592 petita
989 1499 1109 1566 dictum
1132 1502 1195 1580 est;
1226 1497 1405 1581 „Proelia
1425 1503 1567 1579 666666
1589 1497 1655 1564 11116
1682 1495 1951 1579 dispensatore
1971 1497 2095 1564 videbis

158 1603 384 1688 armigero!“
420 1604 491 1689 Quo
513 1605 582 1673 loco
605 1605 815 1689 dispensator,
850 1622 920 1670 cnm
948 1601 1125 1688 pecuniam,
1157 1601 1276 1682 66616
1299 1619 1407 1684 pugna
1430 1600 1587 1668 alectoria
1619 1600 1710 1682 quasi
1743 1599 1954 1686 depugnatur,
1988 1619 2094 1668 secum

157 1713 277 1794 portet,
298 1715 435 1774 vocatur
456 1708 606 1792 armiger.
628 1745 670 1758 -
692 1707 887 1788 Metaphora
910 1727 930 1772 a
951 1705 1067 1789 gladio,
1089 1705 1142 1786 661
1166 1705 1207 1770 66
1229 1704 1372 1772 homines
1394 1703 1554 1770 feriendos
1577 1709 1671 1786 atque
1694 1703 1874 1770 caedendos
1896 1702 1929 1770 in
1953 1722 2013 1769 usu
2034 1710 2096 1788 est,

157 1811 350 1893 deprompta
375 1811 538 1880 Iuvenalis
565 1810 682 1878 Lucilii
709 1809 853 1888 satiram,
887 1827 951 1890 666
982 1808 1126 1874 6661666
1159 1807 1368 1890 castigantur,
1402 1806 1564 1891 siguificat
1595 1805 1705 1872 verbis
1741 1806 1869 1887 „ensis
1903 1807 2092 1874 strictus“

158 1914 196 1998 (Ι
220 1921 294 1981 165:
321 1916 429 1998 „Ense
449 1914 540 1982 velut
561 1914 673 1980 stricto
696 1913 843 1996 quotiens
864 1911 1011 1978 16611166
1033 1911 1150 1978 ardens
1172 1910 1383 1995 infremuit“).
1401 1947 1445 1958 -
1459 1910 1532 1976 Iun.
1554 1910 1574 1975 I
1598 1916 1659 1975 108
1683 1915 1717 1975 66
1740 1915 1815 1978 169:
1838 1909 2053 1978 translatione
2076 1930 2097 1976 a

155 2035 270 2100 pugna
292 2017 396 2098 petita
416 2018 456 2084 de
479 2023 582 2104 poeta,
610 2017 673 2102 661,
702 2035 772 2083 666
800 2015 918 2083 satiras
941 2015 1082 2082 scribere
1103 2013 1316 2098 constituerit,
1350 2013 1441 2095 66661
1462 2013 1496 2078 16
1518 2011 1672 2095 66661166
1696 2018 1808 2078 contra
1830 2011 1992 2078 hominum
2015 2013 2097 2080 vitia

157 2121 372 2188 descensurus
394 2127 454 2205 cst,
476 2121 578 2188 verba
598 2120 751 2205 leguntur
771 2121 865 2186 haec:
892 2119 1031 2202 ,16666
1053 2117 1142 2200 prius
1164 2135 1241 2200 ergo
1263 2116 1374 2182 voluta
1397 2116 1492 2182 Haec
1516 2115 1620 2182 animo
1644 2122 1732 2181 ante
1754 2116 1882 2200 66666,
1904 2115 2096 2199 galeatum

157 2242 247 2291 sero
271 2223 389 2292 duelli
412 2225 627 2294 Paenitet“.
651 2261 694 2272 —
715 2223 908 2306 Metaphora
930 2241 951 2288 6
973 2221 1196 2305 phalangibus
1224 2239 1305 2302 6666
1328 2218 1536 2286 densissimae
1570 2237 1605 2285 se
1627 2217 1851 2302 defendebant,
1885 2227 2013 2301 sumpta
2046 2229 2097 2285 est

155 2329 193 2394 in
214 2328 288 2394 Iov,
310 2328 350 2394 II
371 2333 414 2392 46
437 2327 461 2414 (,
463 2327 663 2412 ,1666666666
685 2327 820 2393 umbone
848 2325 1060 2411 phalanges“)
1082 2324 1124 2389 66
1147 2323 1383 2389 multitudinem
1409 2321 1550 2389 virorum
1575 2321 1726 2400 mollium,
1750 2321 1835 2386 inter
1856 2340 1935 2402 quos
1961 2341 2098 2406 magna

157 2435 211 2497 666
232 2431 441 2497 concordia
463 2431 519 2516 (ib.
541 2433 609 2517 47),
639 2429 892 2514 significandam.
916 2467 957 2478 ·-
979 2430 1051 2496 Iuv.
1073 2427 1126 2496 VI
1151 2432 1224 2494 214:
1259 2428 1298 2493 66
1324 2426 1467 2492 lacrimis
1494 2425 1580 2492 omni
1612 2431 1730 2508 puncto
1763 2425 1915 2506 temporis
1948 2424 2097 2507 profundi

156 2533 284 2615 paratis
306 2533 373 2600 dict
359 2539 426 2600 tum
449 2541 512 2600 est:
540 2533 603 2618 „in
626 2533 798 2650 66661666
822 2552 891 2600 666
911 2539 1008 2615 atque
1034 2531 1295 2647 exspectantibus
1318 2529 1407 2595 illam
1429 2528 1488 2613 (sc.
1512 2528 1716 2612 66666611.
1761 2526 1831 2611 Quo
1853 2528 1923 2594 1666
1945 2529 2096 2597 lacrimae

156 2655 230 2702 cum
253 2636 409 2704 militibus
432 2644 665 2719 comparantur
689 2636 798 2719 66116
764 2639 960 2703 1666661666
983 2640 1058 2701 6666
1079 2642 1176 2716 66666
1198 2633 1326 2717 impigri
1349 2633 1473 2699 iaciunt
1494 2632 1662 2714 imperata.
1706 2631 1789 2698 Nos:
1813 2629 1984 2716 ,,·ΤΙ66666
1999 2633 2096 2696 steten

156 2742 221 2803 mir
240 2751 309 2804 666
334 2763 372 2803 zu
395 2740 571 2807 1116666661.
592 2778 635 2787 -
657 2741 698 2806 In
721 2753 747 2806 6.
770 2741 821 2806 VI
844 2746 906 2806 419
929 2739 1094 2806 Iuvenalis
1117 2738 1232 2805 acerbe
1254 2737 1356 2803 utitur
1379 2735 1538 2803 substant'
1515 2742 1582 2802 tivo
1605 2735 2095 2820 ,66666116816666666-

156 2841 228 2908 veri
249 2849 345 2910 nocte
365 2843 490 2928 1666611)
513 2843 554 2910 66
577 2843 819 2926 significandam
841 2842 1077 2909 multitudinem
1099 2841 1260 2908 hominum
1285 2847 1383 2921 atque
1404 2837 1596 2922 utensilium,
1625 2856 1707 2918 6666
1729 2837 1881 2904 feminam
1903 2837 2097 2904 comitantur

155 2945 192 3010 in
213 2947 339 3014 661666.
382 2948 506 3014 Eodem
527 2946 562 3013 16
583 2966 644 3014 666
665 2946 824 3014 translato
846 2952 996 3013 versatur
1018 2949 1162 3012 nostrum
1196 2944 1352 3028 ,,66661.
1380 2982 1424 2991 -
1450 2942 1644 3023 Metaphora
1670 2941 1816 3008 aiacnio
1844 2940 2017 3007 emittendo
2040 2943 2093 3009 de·

155 3055 307 3132 prompta
329 3050 369 3116 de
391 3050 506 3134 aliquo,
530 3049 585 3132 661
607 3051 845 3132 enthymemate
868 3067 924 3116 seu
947 3050 988 3116 ad
1010 3047 1216 3114 refellendum
1241 3066 1298 3114 seu
1320 3047 1361 3112 ad
1384 3045 1591 3112 adoriendum
1614 3043 1725 3130 utitur,
1752 3044 1871 3111 616666
1896 3051 1946 3110 666
1967 3045 2001 3110 16
2023 3047 2094 3115 Iun.

157 3171 185 3218 s.
200 3152 252 3220 VI
267 3155 344 3221 450:
361 3159 507 3239 „curtum
522 3171 667 3219 sermone
682 3159 789 3220 rotato
806 3157 954 3234 torqueat
968 3152 1200 3236 enthymema“.
1244 3150 1368 3216 Eodem
1383 3148 1524 3232 pertinet
1537 3147 1656 3214 1666616
1673 3146 1884 3214 Iuvenaliaua
1902 3148 1987 3232 (VH
2004 3151 2093 3235 193):

157 3261 314 3338 „orator
334 3257 494 3323 maximus
516 3263 550 3323 et
571 3254 833 3339 iaculator*)“.
877 3254 1215 3322 11166661661666616111
1231 3253 1292 3320 loci
1308 3259 1578 3336 argumentorum,
1601 3250 1715 3332 quibus
1731 3251 2094 3336 quisvexatur,vocan·

156 3367 213 3424 tur
246 3360 465 3444 ,,666166661
500 3360 588 3446 (166.
617 3359 688 3426 VII
720 3362 808 3440 166).
861 3357 1047 3425 Cuiusmodi
1071 3358 1275 3440 metaphoris
1301 3357 1348 3424 661
1382 3355 1473 3422 66616
1505 3355 1583 3421 item
1614 3305 2093 3424 1666-1661111236

157 3461 389 3547 ,6661116611
413 3465 452 3530 66
473 3463 667 3530 nefariorum
689 3462 852 3528 hominum
875 3461 1020 3528 manibus
1042 3467 1178 3543 usurpat
1179 3479 1231 3526 um
1246 3462 1344 3543 666(,,
1345 3459 1465 3526 vexilla
1479 3464 1551 3524 vest
1551 3478 1589 3524 ra
1605 3463 1731 3524 coercet
1732 3457 1832 3543 “.—)
1791 3458 1904 3524 A—b
1919 3457 1987 3526 acie
1990 3477 2094 3543 ,6666

155 3565 279 3648 impetu
299 3567 482 3633 vehementi
502 3566 686 3651 inclinatur,
708 3567 841 3632 uerbum
864 3564 1103 3652 ,1661166661
1124 3564 1261 3646 6661666
1283 3571 1334 3629 666
1355 3563 1389 3627 16
1411 3563 1483 3629 Iuv.
1507 3582 1532 3628 s.
1556 3562 1612 3626 IX
1640 3567 1680 3628 26
1709 3561 1896 3644 66Χ224,
1932 3561 2092 3627 6611666

157 3669 320 3786 significat
341 3671 458 3752 quod,
460 3670 607 3754 ,6116666
629 3667 816 3736 inclinare
806 3687 839 3734 nn
863 3667 1003 3734 moribus
1026 3667 1117 3734 bonis
1140 3667 1327 3734 servandis“
1343 3665 1408 3732 ie.
1429 3665 1471 3732 66
1492 3664 1665 3746 nequitiam
1689 3665 1856 3731 adducere.
1900 3664 1984 3731 Nos:
2002 3666 2093 3749 „jera

158 3774 190 3835 in
212 3775 308 3836 66166·
331 3773 434 3837 616661
454 3796 525 3836 zum
559 3770 1027 3857 1166166611-66666-166
1050 3771 1089 3835 X
1113 3777 1187 3836 200:
1212 3769 1365 3854 „gingiva
1386 3767 1546 3834 inermi“
1569 3768 1590 3837 i
1613 3787 1640 3838 6
1664 3787 1745 3850 quae
1767 3787 1828 3834 non
1852 3768 1950 3834 habet
1971 3768 2094 3835 dentes.

155 3877 208 3946 IV
233 3882 287 3942 6οε
313 3877 440 3959 ,,66616
461 3927 470 3942 .
494 3927 533 3943 ..
557 3876 729 3943 tractanda
751 3873 923 3958 putabat'
913 3893 1051 3939 inermi
1071 3872 1327 3940 iust1t1a
1355 3873 1426 3938 Iuv.
1449 3871 1520 3939 VlI
1545 3878 1621 3940 173:
1655 3871 1891 3938 substantivum
1920 3875 2093 3956 ‚,“pugua

155 3978 334 4045 adhibitum
356 3981 470 4046 estad
493 3980 648 4046 actionem
674 3979 917 4063 significandam
938 3976 1107 4060 forensem,
1130 3995 1211 4057 quae
1226 3975 1398 4058 opponitur
1412 3974 1634 4041 exercitationi
1656 3973 1837 4042 rhetoricae
1851 3974 1913 4060 vel,
1936 3982 1974 4040 ut
1987 3974 2095 4041 verbis

155 4087 230 4148 utar
252 4082 428 4168 Iuvenalis,
451 4083 583 4150 umbrae
605 4083 785 4148 rhetoricae
808 4081 886 4168 (,,66
908 4099 1048 4164 pugnam
1070 4077 1125 4161 qui
1148 4080 1309 4145 rhetorica
1330 4078 1497 4145 descendit
1518 4080 1559 4144 ab
1582 4078 1741 4161 umbra“).
1756 4079 1936 4144 -Eodem
1954 4079 2095 4160 pertinet

155 4185 273 4252 locutio
295 4205 316 4251 6
337 4204 454 4269 pugna,
489 4203 572 4268 quae
598 4185 633 4251 16
659 4203 757 4251 arena
783 4183 1051 4266 committebatur,
1087 4182 1256 4264 desumpta
1282 4184 1325 4248 ad
1354 4201 1477 4264 mansas,
1513 4199 1595 4263 6666
1622 4181 1751 4262 saepius
1774 4181 1894 4247 dilatae
1915 4180 2093 4248 lentissime

154 4289 337 4371 agebantur
358 4288 391 4354 in
413 4288 492 4374 foro,
515 4286 744 4372 significandas
768 4288 854 4366 (Iov.
877 4287 968 4356 XVI
989 4291 1044 4352 47:
1067 4285 1217 4366 16666666
1239 4285 1313 4351 fori
1339 4302 1554 4368 pugnamus
1580 4284 1720 4369 arena).
1743 4321 1785 4332 -
1808 4284 1879 4352 Iuv.
1902 4283 1994 4354 XIV
2016 4291 2092 4353 152:

154 4392 196 4458 de
217 4391 314 4477 fama,
348 4411 420 4458 cum
442 4391 607 4458 celerrime
630 4389 820 4474 divrdgetur,
855 4389 1061 4456 dictumest:
1091 4407 1204 4474 „quam
1226 4387 1338 4454 foedae
1365 4386 1507 4454 bucina
1532 4387 1692 4454 1666611
1741 4386 1824 4454 Nos:
1846 4398 1959 4466 „etwaa
1980 4409 2092 4473 66666-

153 4501 301 4561 6666661.
323 4533 366 4543 -
388 4495 555 4580 ,,116661,
579 4513 643 4576 666
665 4493 759 4560 datur
782 4493 908 4577 signum
930 4491 1216 4576 pugnaremus.
1240 4511 1265 4558 6.
1287 4491 1359 4558 XV
1382 4497 1422 4556 52
1449 4491 1613 4559 invenitur
1639 4508 1696 4572 pro
1725 4488 1956 4575 ,6666161661
1979 4490 2094 4576 (,,6666

154 4597 234 4664 tuba
247 4598 385 4684 rixae“),
401 4599 484 4680 quod
498 4598 533 4664 in
548 4619 574 4664 6.
589 4597 647 4662 ΠΙ
662 4601 724 4666 286
739 4615 926 4678 expressum
940 4602 991 4662 est
1003 4595 1207 4661 substantivo
1223 4594 1506 4680 „prccemium“
1525 4592 1717 4677 („cognosce
1731 4593 1893 4675 prooemia
1902 4593 2037 4678 rinae“).
2050 4631 2092 4642 -

307 4699 377 4786 Quo
398 4700 468 4768 loco
490 4701 631 4767 666666
651 4697 769 4765 1666616
792 4721 813 4769 a
834 4701 1107 4782 gladiatoribus,
1130 4697 1184 4779 qni
1199 4696 1321 4763 dimissi
1336 4697 1537 4780 accipiebant
1555 4697 1677 4782 rudem,
1699 4697 1742 4762 ad
1756 4697 1902 4763 rhetores
1916 4695 2091 4764 translata:

155 4803 238 4887 „sibi
261 4804 402 4870 dabit'
393 4823 463 4886 ipse
485 4804 640 4869 6666611
664 4801 685 4868 1.
708 4821 736 4869 e.
759 4803 873 4868 dooere
893 4801 1021 4867 desinet
1043 4800 1129 4886 (Iuv.
1152 4799 1222 4868 VII
1246 4801 1399 4884 111).-

306 4907 502 4988 Metaphora
523 4929 544 4975 a
566 4907 686 4975 666616
708 4904 811 4987 petita
832 4903 1026 4970 invenitur
1016 4923 1051 4969 1n
1072 4904 1145 4972 Inv.
1168 4923 1194 4971 s.
1216 4903 1335 4970 1149:
1371 4903 1517 4988 „Utere
1537 4903 1704 4988 veiis,t
1709 4908 1793 4969 oots
1815 4902 1937 4984 66666
1959 4901 2091 4968 616661

154 5009 177 5075 1.
200 5029 227 5076 e.
249 5010 397 5078 1666666
419 5009 568 5076 acriter
559 5029 594 5074 111
616 5009 736 5075 satiras
758 5007 953 5074 scribendas.
976 5044 1020 5056 -

306 5112 534 5180 Translatione
556 5115 600 5182 ab
621 5115 757 5194 6611616
780 5110 997 5192 deprompta'
988 5109 1589 5196 quv.120pro„incumberem
1619 5109 1761 5191 61166161
1788 5108 1911 5191 (6.1.
1901 5129 1934 5176 un
1958 5108 2090 5195 satiras)

154 5219 307 5229 ——-—.-.

307 5249 443 5320 *)Recte
466 5261 527 5303 cnm
550 5247 592 5302 his
614 5247 782 5315 metaphoris
803 5251 997 5329 comparantur
1013 5245 1060 5316 (ci.
1078 5245 1213 5301 Heinrich
1231 5245 1266 5300 66
1284 5245 1329 5302 VI
1349 5247 1412 5316 460)
1430 5245 1526 5301 verba:
1544 5229 1761 5316 1666166666
1776 5227 1860 5308 ἄξιον
1876 5229 1972 5310 λόγου
1992 5229 2090 5314 βραχύ

153 5319 206 5383 καὶ
228 5323 480 5404 συνεστραμμένον
502 5317 602 5402 ὡσπερ
626 5321 751 5392 δεινός
733 5342 917 5398 6666666666
935 5331 1050 5402 Protag.
1067 5348 1095 5401 6.
1112 5330 1213 5387 64211.
