4712 5754
1080 189 1082 198 ¹
1099 243 1194 310 xrx

169 446 322 513 trutina
345 448 604 529 suspendere“
623 447 709 533 (Ius.
723 449 777 518 VI
790 447 878 534 431),
904 448 1115 530 ,pendere“
1134 446 1238 529 (Pers.
1254 447 1274 512 I
1288 445 1354 532 36),
1379 448 1638 531 ,expendere“
1658 446 2106 533 (166.Χ341),,,111)66ι·6“
2134 443 2141 457 '

168 550 277 637 (Pers.
300 550 408 637 166),
431 570 513 632 qnae
534 552 619 620 idem
641 551 825 637 significant
846 555 944 634 atque
969 550 1190 634 ,aestimare“,
1215 549 1475 633 „accuratissime
1501 551 1722 634 examinare“;
1743 557 1889 618 nostrum
1914 552 2107 637 „adamat

169 654 294 722 Eodem
317 655 464 721 addenda
486 662 562 722 suut
583 656 788 724 substantiva
811 655 1013 738 „examen“
1037 654 1059 722 i.
1082 673 1110 720 e.
1133 653 1285 720 indicium
1308 652 1415 737 (Pers.
1436 653 1456 718 Ι
1480 652 1510 737 6)
1534 660 1567 720 61
1591 654 1788 738 ,trutina·'‘
1813 655 1834 721 i.
1858 672 1885 720 e.
1914 655 2108 738 aestimatio,

169 757 366 824 examinatio
395 757 452 840 (ib.
482 764 527 843 7).
550 797 588 808 -
618 760 710 826 Pers.
741 760 793 826 IV
821 765 875 826 10:
912 757 1020 842 ,Scis
1051 757 1193 824 etenim
1226 757 1367 823 iustum
1398 756 1548 840 gemina
1581 757 1817 839 suspendere
1848 757 1958 824 lance
1992 758 2108 826 Auci·

170 860 268 944 pitis
291 861 450 945 librae“,
483 862 507 932 i.
530 883 558 931 e.
582 869 618 929 16
640 863 806 948 cognoscis
832 862 902 928 ucri
923 865 978 928 166
1000 860 1116 928 iudicio
1138 861 1263 944 bonum,
1293 863 1399 944 atque,
1429 860 1485 926 ubi
1505 860 1540 926 id
1562 879 1632 927 cum
1656 861 1740 928 malo
1762 859 1926 928 artissime
1947 862 2108 948 cohaeret,

170 983 351 1046 quanquam
375 964 596 1034 difficillimum
618 972 677 1051 est,
712 984 878 1034 secernere
905 984 966 1032 nou
990 964 1129 1032 dubitas.
1174 962 1265 1048 Quae
1290 965 1479 1046 metaphora
1504 971 1673 1046 assumpta
1694 969 1745 1031 est
1766 965 1807 1030 ab
1828 963 1931 1031 librae
1952 964 2106 1048 lancibus,

171 1087 255 1150 quae
276 1075 343 1134 tam
366 1087 468 1150 aequo
491 1070 630 1151 pondere
644 1071 794 1154 pendent,
817 1075 853 1136 ut
867 1087 986 1152 anceps
1001 1067 1193 1150 difficileque
1206 1066 1356 1133 iudicium
1372 1068 1424 1152 sit,
1447 1086 1583 1148 quorsus
1598 1076 1714 1150 vergat
1727 1067 1837 1150 ligula.
1874 1068 1966 1135 Pers.
1981 1069 2016 1138 V
2031 1075 2107 1136 105:

169 1171 312 1255 imagine
333 1175 375 1238 ab
397 1191 484 1258 auro,
507 1173 591 1255 quod
613 1192 710 1256 saepe
733 1193 808 1240 aere
830 1174 1102 1257 corrumpebatur,
1124 1172 1227 1253 petita
1249 1171 1288 1237 de
1309 1189 1357 1256 eo,
1383 1169 1437 1252 qni
1459 1176 1626 1238 externam
1653 1169 1790 1237 bominis
1811 1170 1949 1254 speciem
1972 1191 1992 1238 a
2019 1173 2108 1239 vitiis

171 1275 231 1342 sub
253 1281 382 1358 pectore
404 1275 539 1344 occultis
561 1276 743 1344 discernere
765 1276 887 1359 didicit,
910 1276 1030 1342 dictum
1052 1283 1116 1342 est:

426 1431 444 1464 ,‚
468 1429 476 1446 .
501 1429 509 1446 .
533 1434 540 1448 .
564 1385 598 1446 et
620 1380 689 1448 veri
711 1380 870 1462 specimen
894 1379 1081 1463 dignoscere
1103 1378 1211 1454 calles,

427 1483 481 1549 Ne
504 1503 567 1566 qua
588 1485 795 1550 subaerato
818 1483 1003 1550 mendosum
1026 1481 1145 1549 tinniat
1166 1481 1299 1549 auro?“
1323 1518 1364 1530 -

172 1587 264 1652 Pers.
287 1585 320 1654 V
344 1592 398 1653 20:
421 1587 633 1654 translatIoue
655 1587 779 1654 usitata
800 1591 897 1667 atque
918 1585 1009 1652 noble
1036 1585 1113 1652 item
1139 1585 1229 1652 licite
1256 1584 1376 1651 dictum
1404 1591 1455 1652 est
1481 1583 1595 1668 „dare
1621 1585 1768 1666 pondus
1794 1583 1927 1653 fumo“.
1951 1624 1992 1634 —
2015 1587 2107 1654 Pers.

171 1687 204 1756 V
227 1695 304 1757 121:
328 1691 547 1774 „semuncia
572 1690 696 1756 66611κ
720 1690 742 1756 1.
766 1709 793 1757 e.
816 1689 948 1756 minima
968 1709 1044 1772 pars
1070 1688 1161 1756 recti.
1206 1689 1276 1756 Nos
1297 1687 1458 1754 minimam
1487 1687 1621 1754 alicuius
1648 1685 1694 1753 rei
1724 1695 1848 1769 partem
1875 1688 1952 1754 item
1981 1690 2108 1756 nomine

171 1791 295 1860 minimi
317 1793 467 1875 ponderis
489 1793 672 1877 significare
692 1792 839 1860 solemus.
855 1831 898 1841 -
914 1791 1035 1860 Similis
1049 1798 1100 1859 est
1114 1810 1191 1858 usus
1206 1791 1357 1858 adiectivi
1381 1789 1580 1876 ,‚tressis“,
1603 1791 1686 1872 quod
1707 1793 1868 1873 proprium
1885 1811 2001 1876 rerum,
2024 1811 2107 1875 quae

172 1896 277 1962 tribus
300 1897 492 1963 constabant
514 1897 650 1974 assibus,
683 1896 875 1964 translatum
904 1901 955 1963 est
981 1896 1024 1962 ad
1049 1895 1194 1962 homines
1219 1893 1445 1978 significandos
1474 1893 1695 1976 pravissimos;
1728 1900 1765 1960 ut
1790 1893 1823 1960 in
1845 1895 1936 1963 Pers.
1960 1917 1985 1965 s.
2008 1897 2041 1966 V
2064 1903 2105 1968 16

173 2017 269 2083 „uon
291 1999 431 2066 tressis
453 2001 595 2084 66666ἶ
618 1999 780 2083 significat
801 2019 974 2084 agasonem
997 2018 1147 2082 nequam,
1173 2006 1317 2065 nostrum
1342 1998 1442 2083 „nicht
1467 1999 1551 2061 61666
1579 1997 1683 2062 Heller
1707 1999 1811 2064 werr‘.
1833 2035 1876 2047 -
1897 2000 1988 2068 Pers.
2011 2002 2049 2068 Π
2072 2008 2104 2068 3:

172 2121 309 2186 „prece
332 2101 458 2185 poscis
480 2103 635 2189 emaci“,
657 2101 732 2185 quia
751 2102 895 2170 homiues
910 2104 996 2187 deos,
1019 2109 1055 2169 61
1077 2106 1189 2184 optata
1210 2101 1369 2184 expleant,
1392 2099 1556 2168 sacrificds
1574 2105 1670 2182 atque
1685 2099 1969 2182 pollicitationibus
1984 2105 2106 2172 moveri

172 2225 267 2288 posse
289 2206 487 2273 existimant.
509 2245 551 2255 —
574 2206 665 2274 Pers.
687 2207 739 2274 VI
764 2213 818 2272 75:
841 2207 988 2284 „Vende
1010 2205 1172 2273 animam
1193 2205 1323 2272 lucro“
1344 2205 1388 2272 ad
1409 2203 1581 2272 avaritiam
1603 2203 1739 2270 homiuis
1760 2205 1926 2272 ardentem
1943 2206 2106 2274 illustren-

173 2309 244 2375 dam
269 2315 455 2392 usurpatum
479 2316 539 2376 est.
583 2310 666 2378 Nos:
691 2315 774 2397 „jer
797 2307 955 2376 delusam
980 2309 1079 2373 leben
1102 2309 1229 2375 hereat
1254 2343 1295 2356 -
1316 2308 1388 2376 Ius.
1410 2308 1463 2378 IV
1485 2314 1540 2374 91:
1562 2307 1656 2375 homo
1678 2306 1827 2375 veritatis
1842 2307 2106 2393 diligentissimus

172 2411 375 2495 significatur
395 2412 504 2479 verbis
526 2414 599 2498 „qui
620 2419 753 2495 posset.
770 2463 779 2479 .
796 2463 804 2478 .
819 2412 939 2480 vitam
961 2407 1182 2495 impendere
1203 2411 1331 2479 vero“.
1346 2412 1474 2479 -Iuv.
1497 2411 1567 2478 VIl
1592 2417 1666 2477 135:
1690 2411 1904 2495 „vendere“
1927 2431 1984 2494 pro
2003 2433 2106 2500 „com-

171 2515 344 2581 mendare“
368 2515 544 2600 („pnrpura
566 2516 677 2582 vendit
698 2515 903 2601 causidicum,
932 2517 1076 2584 vendunt
1102 2515 1364 2600 amethystina“).
1384 2551 1426 2562 -
1449 2513 1696 2600 „Redimere“
1722 2514 1940 2597 metaphorice
1968 2517 2107 2598 positum

172 2623 224 2684 est
245 2618 285 2684 de
308 2617 456 2701 Crispino
478 2619 533 2685 illo
555 2619 587 2684 in
610 2619 770 2686 locutione
790 2619 1004 2686 Iuvenaliana
1025 2618 1091 2704 (IV
1114 2625 1161 2700 21:
1185 2624 1383 2702 „monstrum
1405 2618 1494 2684 66116
1516 2617 1636 2684 virtute
1658 2617 1857 2700 redemptum
1879 2617 2023 2686 avitiis“
2040 2620 2062 2686 i.
2078 2639 2104 2686 e.

172 2721 225 2806 „in
247 2741 309 2804 quo
331 2727 380 2787 tot
401 2721 483 2790 vitia
505 2723 593 2789 nulla
613 2724 734 2791 virtute
756 2721 1023 2806 compensantur‘
1047 2721 1246 2806 (Heinrich).
1261 2758 1306 2770 --
1319 2721 1545 2788 Translotioue
1561 2722 1602 2788 ab
1617 2725 1753 2804 argento
1775 2720 1904 2804 signato
1923 2722 2027 2804 petita
2041 2723 2106 2789 dio

171 2831 239 2891 tum
262 2833 314 2892 est
335 2826 409 2906 ..qui
432 2826 615 2892 communi
637 2826 756 2893 feriat
778 2844 927 2892 carmen
949 2825 1108 2892 triviale
1132 2823 1305 2890 moneta“
1320 2843 1378 2906 pro
1401 2823 1474 2908 „qui
1489 2842 1617 2890 carmen
1632 2823 1976 2906 componattriviale“.
2021 2826 2106 2893 Nos:

173 2931 238 3014 „er'n
264 2926 714 3015 0611611166696166161161616
739 2927 877 3016 Geprdqe
898 2929 1056 2997 minaeo“.
1080 2965 1121 2974 —
1143 2928 1215 2994 IttV.
1243 2929 1299 2993 ΙΙΙ
1323 2933 1398 2994 aad:
1422 2927 1494 3012 „hic
1517 2927 1575 3012 (sc.
1603 2926 1707 3013 dubit)
1733 2926 1894 2994 modium
1916 2928 2106 3012 argenti‘·;

173 3032 307 3112 mochus,
330 3051 411 3114 quae
434 3039 522 3099 certa
545 3033 728 3099 frumenti
748 3050 925 3098 mensura
946 3039 1006 3113 est,
1030 3029 1192 3114 significet
1205 3049 1379 3114 magnam
1394 3031 1478 3098 vim.
1521 3027 2107 3118 Ν6616661,,8616161“6616616666-

172 3135 291 3201 latione
315 3134 463 3218 usurpari
484 3141 600 3218 potest.
616 3172 659 3182 -
673 3136 745 3202 Iuv.
760 3135 855 3201 XIII
876 3143 909 3202 8:
934 3134 1134 3220 „iacturae
1155 3135 1273 3202 6666ιι
1288 3135 1407 3200 dictum
1423 3142 1474 3200 est.
1489 3135 1529 3200 de
1544 3135 1659 3200 damno
1675 3153 1859 3218 permagno,
1882 3153 1943 3216 quo
1963 3135 2107 3204 homines

173 3243 326 3320 tanquam
343 3257 439 3304 onere
463 3239 605 3320 oppressi
628 3244 773 3320 pereunt.
795 3240 1021 3304 —Postremo
1044 3243 1329 3304 commemorentur
1350 3237 1522 3304 nonnullae
1545 3237 1777 3305 adiectivorum
1799 3237 2028 3305 translationes
2043 3241 2107 3306 usi-

172 3340 365 3408 tatissimae:
390 3341 530 3424 „vilis“
554 3361 611 3424 pro
634 3341 860 3426 ‚,inhonestus“
882 3340 968 3426 (Iuv.
993 3341 1026 3408 V
1047 3347 1080 3408 4:
1104 3341 1178 3407 vilis
1200 3339 1335 3424 Galbam
1359 3340 1540 3427 „grevis“
1563 3359 1620 3422 pro
1643 3339 1802 3422 „smmum
1823 3341 2003 3408 offendens“
2020 3342 2106 3427 (Iuv.

172 3443 191 3508 Ι
215 3449 289 3510 163;
312 3444 391 3510 66111
413 3445 523 3528 gravis
545 3451 596 3511 est
617 3463 788 3526 percussus
809 3444 979 3531 Achilles),
1001 3464 1058 3527 pro
1081 3443 1275 3528 „molestus“
1291 3446 1376 3528 (Iuv.
1399 3449 1474 3511 647:
1497 3444 1560 3509 iam
1576 3443 1686 3526 gravis
1701 3462 1735 3510 es
1751 3444 1867 3528 nobis),
1890 3463 1947 3524 pro
1963 3444 2105 3528 ,‚tristis“

172 3547 258 3629 (Iuv.
271 3548 327 3612 Xl
340 3555 394 3613 12:
410 3547 519 3614 vultus
532 3547 667 3633 gravis),
683 3567 739 3628 pro
754 3551 923 3630 „severus“
938 3547 1024 3633 (inv.
1036 3547 1073 3614 X
1086 3553 1162 3614 325:
1178 3545 1263 3632 Quid
1273 3547 1498 3629 pmiuitimmo
1511 3547 1690 3629 Hippolyto
1701 3565 1801 3630 grave
1812 3546 2052 3628 propositumi).
2064 3585 2107 3596 -

322 3649 500 3718 Videamus
522 3670 615 3734 6666,
639 3669 721 3732 qnae
743 3651 972 3716 translationes
994 3655 1038 3721 ab
1061 3655 1284 3735 utensilibus,
1306 3650 1420 3732 quibus
1436 3657 1571 3717 utuntur
1584 3649 1739 3734 homines
1761 3651 1883 3732 petitae
1898 3649 1972 3717 sint.
2014 3652 2105 3717 Pers.

172 3754 204 3823 V
228 3759 268 3820 to
291 3773 354 3835 sq:
401 3754 505 3838 „Nam
529 3755 674 3835 quamvis
695 3773 793 3836 prope
817 3759 859 3838 te,
881 3755 1028 3836 quamvis
1050 3759 1197 3821 temone
1220 3754 1289 3819 sub
1311 3773 1383 3820 uno

419 3857 611 3925 Vertentem
633 3877 704 3925 sese
725 3857 875 3924 frustra
896 3857 1100 3923 sectabere
1122 3857 1313 3941 canthum,

423 3959 512 4026 Cum
534 3967 620 4027 rota
640 3959 835 4043 posterior
858 3979 1007 4044 curtae,
1030 3965 1069 4026 et
1089 3961 1127 4026 ln
1150 3979 1219 4026 axe
1241 3961 1441 4027 secundo“.

171 4061 262 4146 Quae
283 4065 385 4130 verba
406 4063 495 4129 dicta
516 4069 592 4129 sunt
614 4063 654 4131 de
676 4081 722 4147 eo,
746 4063 809 4146 qni,
832 4083 904 4129 cum
925 4063 1122 4145 propositum
1144 4061 1254 4129 statim
1277 4083 1340 4131 non
1363 4070 1507 4147 peragat,
1530 4063 1588 4130 sed
1610 4082 1735 4145 semper
1751 4083 1786 4130 se
1801 4065 1983 4131 consoletur
1997 4065 2105 4132 verbis

171 4165 444 4251 „crashocfiem
469 4167 617 4251 (11666),
651 4186 738 4233 more
765 4173 856 4232 rotae
882 4165 1078 4250 posterioris,
1112 4185 1193 4247 quae
1219 4167 1357 4249 priorem
1383 4167 1530 4248 quamvis
1559 4168 1618 4233 snb
1640 4185 1702 4233 uno
1728 4167 1899 4248 eodemque
1922 4173 2048 4233 temone
2070 4187 2105 4234 se

169 4275 349 4336 vertentem
372 4277 480 4336 tamen
502 4270 606 4352 spatio
629 4269 817 4351 interposito
842 4269 1027 4354 contingere
1048 4289 1111 4335 non
1134 4275 1249 4354 potest,
1277 4269 1376 4336 animi
1397 4269 1584 4336 infirmitate
1606 4289 1645 4336 ac
1670 4269 1809 4336 moribus
1837 4269 1949 4350 pravis
1975 4270 2105 4336 obstan·

171 4372 256 4440 tibus
280 4373 391 4458 „cras“
408 4392 498 4440 suum
516 4391 688 4455 numquam
704 4373 895 4454 assequitur.
912 4411 954 4420 -
969 4375 1040 4440 lov.
1055 4374 1075 4438 I
1091 4381 1145 4456 513
1161 4373 1276 4456 „Haec
1291 4393 1350 4456 ego
1366 4391 1428 4438 non
1444 4374 1571 4439 credam
1585 4372 1780 4440 Venusino
1795 4373 2104 4456 1116661666666.9ιό

168 4475 190 4540 i.
206 4494 233 4542 e.
250 4459 390 4544 satira.¹
423 4474 543 4543 Schol:
561 4477 743 4560 „lucernum
758 4475 846 4560 dicit,
861 4475 938 4557 quia
953 4475 1075 4541 satirici
1090 4476 1132 4541 ad
1147 4476 1285 4543 omnium
1301 4475 1382 4542 vitia
1392 4475 1482 4557 quasi
1494 4476 1654 4542 lucernam
1667 4477 1849 4560 admouent,
1865 4482 1899 4541 et
1909 4485 1946 4542 ut
1956 4476 2104 4558 adurant,

170 4585 203 4644 et
225 4587 263 4644 ut
285 4579 459 4646 ostendant
480 4579 623 4645 crimina.
667 4578 868 4648 Venusinam
890 4587 996 4645 autem
1019 4579 1100 4663 ideo,
1134 4579 1209 4661 quia
1235 4580 1315 4645 haec
1345 4579 1408 4645 suit
1434 4578 1549 4646 civitas
1575 4577 1744 4660 Horatii“;
1778 4597 1859 4659 quae
1880 4579 2104 4660 iuterpretetio

170 4681 425 4748 commodissima
447 4687 507 4751 est.
551 4682 760 4748 Locutionem
784 4681 970 4766 „Venusina
990 4681 1173 4748 lucerna“
1195 4681 1396 4748 referendam
1418 4701 1489 4750 esse
1513 4682 1568 4760 (ci.
1591 4682 1750 4748 Heinrich
1765 4683 1807 4747 ad
1824 4682 1846 4748 1.
1862 4684 1904 4762 c.)
1920 4683 1961 4748 ad
1975 4701 2104 4750 versum

169 4785 389 4850 Horatianum
412 4786 486 4870 (166.
508 4786 547 4851 11
571 4793 598 4870 1,
623 4787 699 4870 113)
723 4791 776 4869 „et
796 4785 886 4866 prius
908 4791 980 4851 orto
1003 4784 1078 4850 Sole
1099 4784 1179 4867 vigil
1201 4787 1356 4853 calamon
1379 4796 1413 4852 et
1435 4785 1566 4852 chartas
1588 4792 1622 4850 et
1644 4784 1763 4852 scrinia
1784 4786 1900 4867 posco“
1924 4793 2018 4867 atque
2045 4787 2105 4852 hoc

170 4887 238 4954 loeo
261 4887 444 4971 siguificare
465 4895 579 4970 poetae
601 4888 863 4970 lucubrationem,
897 4887 975 4953 mihi
997 4887 1123 4969 quidem
1150 4889 1337 4968 persuaderi
1365 4909 1428 4955 non
1450 4895 1565 4970 potest.
1588 4928 1630 4938 -
1653 4889 1724 4954 Iuv.
1753 4889 1766 4952 1
1791 4896 1845 4955 95:
1873 4890 2104 4972 „sportula“,

170 5009 250 5071 quae
274 4990 436 5074 significat
458 4991 592 5076 corbem,
615 5009 677 5072 qua
699 4990 833 5056 clientes
855 5009 965 5056 cenam
988 5010 1010 5057 a
1029 4990 1175 5073 patronis
1197 5001 1360 5074 acceptum
1384 4992 1509 5057 domum
1532 4991 1689 5076 ferebant,
1710 4992 1742 5057 in
1766 5010 1826 5058 usu
1849 4998 1900 5058 est
1915 5011 1972 5073 pro
1989 4992 2105 5073 stipe,

169 5113 251 5174 qnae
273 5099 383 5160 aetate
404 5094 570 5160 Iuvenalis
593 5093 761 5160 clientibus
784 5093 924 5159 ciborum
946 5094 1015 5160 loco
1043 5093 1305 5161 distribuebatur.
1328 5132 1369 5142 -
1391 5094 1592 5178 Pervulgata
1617 5103 1669 5161 est
1696 5096 1885 5176 metaphora
1910 5095 2106 5162 substantivi

171 5197 447 5282 „tormentum
471 5197 514 5262 ad
536 5197 675 5263 dolorem
698 5197 797 5263 aninri
820 5196 1062 5281 significandum
1087 5197 1322 5278 cruciatumque
1349 5197 1435 5282 (Iuv.
1463 5197 1499 5262 Il
1524 5199 1610 5282 131).
1632 5233 1674 5246 -κ
1696 5198 1843 5282 Imagine
1868 5199 1983 5264 audaci
2009 5206 2106 5280 61666

170 5299 316 5381 quaesita
338 5299 372 5365 in
394 5301 466 5366 luv.
490 5318 515 5366 s.
538 5299 595 5365 ΠΙ
619 5305 681 5366 106
704 5301 824 5366 dictum
848 5308 910 5366 est:
935 5299 991 5384 „si
1014 5300 1135 5366 trulla
1157 5300 1315 5368 inverso
1338 5300 1523 5392 crepitum
1546 5299 1654 5366 dedit
1675 5321 1793 5368 aurea
1819 5301 1959 5367 166116ιι
1981 5301 2003 5370 i.
2027 5320 2054 5368 e.
2079 5300 2107 5367 si
